3054 4944
659 339 722 406 295

112 521 147 582 et
171 515 239 604 igni
264 515 443 601 applicatus
466 515 604 580 efficitur
626 535 794 592 zuccurus3
822 513 939 578 etalio
962 515 1090 580 nornine
1115 520 1268 582 vocantur

113 621 303 698 canamelle,
327 641 363 684 eo
380 621 465 705 quod
480 621 589 684 cannis
612 620 678 684 sive
693 619 926 684 harundinibus
941 623 1016 684 runt
1031 620 1159 686 similes.
1204 621 1266 688 Im·

113 731 208 792 enata
229 748 305 792 vero
337 726 369 790 in
403 727 527 792 deserto
548 724 719 791 Jordanico
753 728 800 790 est
834 726 967 810 quedam
997 725 1097 790 herba
1119 727 1266 792 comesti-

112 831 200 911 bilis,
224 854 286 917 que
308 831 485 897 comeditur
507 831 574 894 sine
597 831 667 896 oleo
689 831 796 908 cruda,
832 853 894 915 que
916 829 982 894 alio
1006 831 1133 896 nominc
1155 831 1266 916 appel·

113 938 203 1001 latur
226 937 376 1019 langnsta
398 936 418 1001 i.
436 959 463 1002 e.
486 936 617 1000 locusta.
665 935 705 1000 Et
728 935 810 1000 hanc
833 935 964 1000 herbam
982 935 1119 1001 comedit
1140 941 1267 1001 sanctus

111 1041 279 1106 Johannes
293 1038 314 1106 ¹.
360 1041 404 1125 [p.
421 1041 499 1126 315]
517 1039 646 1106 Fluvios
662 1039 812 1106 Jordanis
830 1041 869 1105 ad
886 1040 1006 1125 radices
1021 1039 1134 1105 Libani
1149 1041 1267 1106 montis

112 1147 205 1214 iuxta
228 1143 394 1210 Cesaram
409 1145 553 1230 Philippi
578 1171 594 1211 e
617 1147 738 1212 duobus
754 1145 898 1212 fontibus
919 1144 979 1212 Jor
1000 1149 1032 1209 et
1057 1143 1126 1210 Dan
1151 1165 1265 1210 nomen

113 1256 147 1316 et
170 1250 328 1334 originem
351 1250 452 1316 trahit
466 1249 495 1331 ¹,
530 1256 561 1316 et
584 1250 650 1317 fere
679 1273 737 1335 pcr
760 1255 886 1316 centum
910 1251 1048 1316 miliaria
1070 1272 1128 1334 per
1152 1250 1265 1316 vallem

112 1355 277 1420 illustrem
299 1356 476 1436 descendit,
509 1357 628 1422 hahens
654 1357 779 1423 dulcem
801 1378 939 1442 aquam,
973 1355 1074 1440 pisces
1110 1376 1204 1420 sanos
1225 1356 1264 1421 ad

113 1459 289 1539 edendum,
324 1461 361 1526 de
385 1463 510 1547 quibus·
531 1468 564 1526 et
595 1481 654 1545 ego
677 1461 798 1528 comedi
821 1483 904 1526 anno
928 1461 1047 1526 domini
1072 1459 1158 1525 1483
1181 1459 1267 1526 infra

112 1569 244 1630 octavas
266 1563 363 1631 Pasce
378 1566 401 1631 ⁸.
447 1566 484 1632 ln
510 1589 546 1632 eo
569 1567 667 1632 etiam
685 1567 849 1652 peregrini
872 1570 904 1632 ct
927 1565 1076 1650 indigene
1098 1585 1131 1630 se
1154 1569 1186 1630 ct
1208 1586 1266 1630 sua

111 1671 305 1735 vestimenta
327 1692 399 1736 cum
423 1693 540 1758 magna
563 1673 730 1738 devotione
746 1673 833 1738 soliti
855 1676 931 1738 suut
953 1670 1094 1749 abluere,
1117 1691 1154 1736 eo
1178 1671 1261 1755 quod

115 1775 299 1858 redemptor
322 1783 431 1842 noster
453 1777 564 1844 lhesus
580 1775 726 1843 Christus
748 1801 767 1842 a
791 1778 883 1843 beato
897 1776 1045 1843 Johanne
1067 1775 1101 1839 in
1124 1773 1181 1840 illo
1204 1775 1264 1840 flu·

114 1881 202 1946 mine
238 1880 300 1944 fuit
326 1881 503 1964 baptisatus
536 1886 568 1946 et
591 1904 609 1946 a
631 1884 701 1947 tota
724 1881 870 1946 trinitate
892 1877 1134 1946 sanctificatus⁴
1160 1929 1166 1942 .
1192 1927 1199 1942 .
1225 1927 1265 1944 ..

118 1982 252 2048 Flumen
270 1982 420 2048 Jordanis
435 1985 595 2050 descendit
617 1985 650 2048 in
673 2006 759 2049 mare
775 1988 937 2050 mortuum
959 1986 992 2049 et
1007 1983 1195 2049 absorbetur
1210 1983 1266 2062 ihi,

117 2091 201 2174 quod
226 2111 390 2173 nunquam
409 2089 548 2158 ¹videtur.
596 2089 636 2155 Et
659 2089 777 2156 dicitur
800 2093 979 2169 mortuum,
1016 2110 1052 2154 eo
1075 2089 1158 2174 quod
1184 2087 1265 2152 nihil

115 2195 147 2258 in
170 2216 208 2260 eo
225 2194 330 2258 vivere
352 2197 475 2279 potest3
500 2195 616 2260 dicitur
632 2195 727 2260 ctiam
750 2217 838 2260 marc
851 2195 989 2280 dyaboli.
1036 2192 1133 2259 Multi
1156 2198 1264 2261 antem

113 2321 151 2362 ex
173 2299 252 2363 viris
276 2298 432 2384 religiosis
457 2307 587 2385 propter
610 2301 750 2366 fluminis
773 2301 978 2366 sanctitatem
1009 2305 1040 2365 et
1064 2322 1146 2386 aque
1169 2299 1262 2365 ferti·

115 2402 241 2468 litatem
264 2403 384 2468 vicinas
414 2405 511 2470 fluvio
534 2411 782 2471 construxerunt
810 2406 1024 2472 habitationes
1037 2403 1060 2470 ⁶.
1106 2401 1265 2470 Nonnulli

114 2507 171 2572 alii
195 2508 227 2572 in
245 2513 352 2574 monte
368 2507 507 2588 Thabor,
531 2510 586 2595 qui
602 2510 748 2575 sublimis
772 2515 829 2590 eet,
852 2511 885 2575 in
910 2531 973 2596 qno
990 2508 1135 2574 Christus
1158 2530 1264 2575 coram

113 2611 220 2692 Petro,
242 2610 363 2679 Jacobo
386 2619 419 2679 ct
433 2613 590 2694 dohanas,
615 2615 815 2699 presentibus
839 2615 949 2700 Moyse
972 2619 1005 2680 et
1021 2613 1135 2698 Helya,
1158 2617 1264 2679 trana-

114 2719 273 2804 figuratus
295 2718 432 2804 gloriam
463 2721 572 2785 future
595 2721 837 2786 resurrectionis
859 2721 1016 2800 ostendit,
1046 2726 1179 2803 propter
1201 2719 1263 2786 loci

113 2823 327 2890 reverentiam
341 2826 569 2891 monasterium
586 2831 833 2892 construxerunt
849 2827 871 2890 ⁸.
907 2826 964 2891 Est
981 2831 1086 2890 autem
1103 2823 1265 2908 predictus

677 2935 696 2970 e

186 3015 199 3068 1
220 3012 306 3069 Fabri
326 3015 359 3080 11,
377 3016 412 3072 49
430 3015 450 3070 s.
477 3017 529 3071 bat
556 3015 603 3069 fur
627 3016 735 3071 locusta
763 3016 808 3072 die
836 3014 946 3085 gleiche
965 3030 1088 3084 exegese.
1125 3013 1190 3084 Vgl.
1208 3013 1265 3070 bes.

114 3100 224 3164 'loblcr¹
244 3099 362 3158 Denlrbl.
382 3121 403 3158 s.
424 3105 474 3159 104
492 3120 568 3158 anm.
588 3104 629 3158 ll.
705 3102 824 3158 chabri
845 3104 895 3156 hat
914 3102 959 3158 dic
977 3101 1085 3172 gleichc
1102 3101 1141 3155 im
1159 3100 1265 3157 mittel-

113 3188 189 3244 alter
209 3189 268 3243 fast
286 3189 438 3260 allgemein
461 3190 506 3244 fur
525 3189 629 3260 richtig
646 3190 799 3260 gehaltene
815 3191 902 3260 irriga
921 3189 1040 3260 angabe.
1077 3189 1265 3246 Eehanntlicb

114 3274 301 3346 entepriugen
319 3274 365 3331 die
383 3275 443 3332 drei
461 3275 663 3347 quellenbtche
682 3276 729 3333 des
747 3277 862 3342 Jordan,
881 3275 961 3332 Nahr
974 3277 1109 3351 Hapbani,
1128 3276 1209 3332 Nahr
1228 3279 1265 3334 el·

113 3363 231 3422 Leddan
250 3363 306 3418 und
325 3362 405 3418 Nahr
424 3363 539 3435 BaniJ'as
558 3382 605 3420 am
623 3364 690 3421 lusse
707 3365 756 3421 des
775 3366 904 3422 Hermon.
942 3365 1006 3435 Vgl.
1021 3365 1185 3430 lib-Guthe,
1204 3365 1265 3422 Pal.

111 3451 253 3520 135911.
324 3452 442 3509 SSonst
461 3458 572 3508 mussan
598 3453 643 3508 dis
670 3453 763 3524 pilger
789 3452 852 3509 sehr
880 3453 970 3508 salton
998 3452 1081 3510 fiecbe
1099 3453 1264 3510 behommen

111 3543 215 3604 haben,
235 3540 309 3596 dena
328 3539 518 3596 Brcidenbach
535 3544 581 3596 rtt
599 3541 629 3594 in
648 3541 738 3596 seiner
756 3540 1018 3605 reiseinstrnhtn'or‚
1048 3541 1112 3596 dass
1133 3559 1201 3596 men
1219 3559 1264 3612 ge-

111 3629 260 3687 trccknete
278 3626 441 3684 stockfische
459 3630 512 3683 mit
530 3635 603 3684 nach
616 3628 743 3699 Venedig
762 3627 819 3683 und
833 3643 888 3683 von
907 3627 972 3685 dort
990 3627 1033 3682 ins
1051 3627 1090 3686 hl.
1109 3627 1178 3683 land
1197 3629 1264 3684 neh·

110 3733 177 3773 men
196 3715 274 3780 solle,
294 3715 386 3770 »daun
404 3716 429 3770 ir
448 3719 562 3786 mogent
579 3717 709 3786 keynenn
729 3717 773 3771 fise
802 3715 844 3770 uff
859 3716 923 3772 dem
942 3717 1037 3772 mheer
1055 3716 1133 3772 aiber
1151 3734 1185 3770 au
1204 3716 1263 3772 lhc·

109 3803 341 3874 rusalemjubber
366 3804 495 3860 kommcr
525 3803 582 3858 und
601 3807 726 3860 mussent
744 3804 870 3874 groiseen
895 3805 1006 3874 hunger
1027 3803 1133 3858 littenn
1152 3803 1194 3857 off
1218 3803 1264 3859 die

109 3893 193 3964 dags,
213 3908 243 3948 so
261 3908 328 3946 man
347 3893 420 3960 beyn
439 3889 511 3960 deyss
529 3894 598 3961 eyst,
617 3891 661 3946 ich
679 3891 756 3948 barm
775 3892 979 3962 inngnntnenn
997 3891 1156 3963 Egypterm,
1175 3890 1204 3945 in
1217 3891 1264 3945 111-

109 3980 171 4044 dea,
194 3977 302 4044 Gracia,
321 3977 463 4042 Salvania,
476 3979 629 4044 Dalmacia,
643 3979 801 4050 prpernn,
820 3979 935 4045 Gaudia,
947 3979 1055 4044 Galles,
1070 3979 1193 4048 Arabya,
1215 3981 1264 4034 Af-

108 4068 190 4131 frica„
211 4067 315 4131 Merca,
335 4065 444 4122 Histria
463 4067 519 4122 und
537 4067 568 4122 in
582 4069 708 4124 anderun
722 4067 847 4123 laudern
867 4069 912 4124 nie
931 4068 1023 4138 heyne
1035 4066 1182 4136 lebendige
1195 4067 1262 4122 fichs

108 4155 258 4228 gesbccn«
297 4153 482 4212 hebr-Meles.
501 4155 533 4213 D.
552 4156 622 4226 pilg.
642 4157 700 4212 143.
771 4155 1106 4226 svgl.s.1aoanm.2.
1164 4155 1179 4208 5
1201 4154 1263 4211 llic-

109 4245 160 4302 her
178 4243 302 4314 gehoren
321 4241 367 4298 die
385 4242 456 4299 oben
474 4261 493 4298 a.
514 4245 564 4300 120
583 4262 610 4298 u.
625 4245 674 4299 169
693 4244 856 4300 erwthnten
876 4244 983 4299 kloster
1002 4243 1050 4298 des
1069 4242 1108 4296 hl.
1122 4242 1263 4299 lohannes

106 4332 155 4390 des
175 4333 285 4388 taulers
304 4331 361 4386 und
382 4331 430 4387 des
446 4332 484 4387 hl.
504 4331 696 4402 Hieronymus.
787 4334 803 4388 6
828 4331 897 4388 tud.
917 4349 942 4386 v.
963 4329 1047 4386 Sudh.
1067 4328 1101 4386 95
1120 4332 1202 4400 sagt:
1229 4331 1263 4386 ln

107 4423 178 4488 loco,
196 4438 253 4492 qno
268 4420 487 4490 transfiguratus
500 4423 549 4486 cst,
568 4420 711 4490 qnondam
727 4421 781 4476 fuit
794 4420 887 4476 nobile
906 4421 935 4475 et
948 4418 1044 4488 regale
1057 4417 1259 4475 monasterinm
