3056 4944
802 336 864 399 122

260 509 300 572 Ec
323 532 415 574 mane
438 511 470 574 in
495 509 651 574 dominica
674 510 724 574 die
750 511 786 592 [4
815 509 912 593 Aug]
935 515 1066 593 peracto
1089 509 1196 576 officio
1220 515 1251 575 el
1275 511 1409 594 prandio

258 621 397 700 sumpto,
420 617 623 699 congregatis
647 615 743 680 asinis
766 618 798 679 et
821 616 999 701 peregrinis
1022 616 1055 680 in
1081 621 1188 682 monte
1204 616 1299 701 syon,
1324 617 1407 682 vale·

260 721 356 784 dietis
378 721 525 785 omnibus
548 741 617 785 cum
641 743 719 805 pace
741 725 937 786 recesserunt
960 721 1090 806 dempto
1112 743 1177 787 uno
1193 722 1330 800 infirmo,
1355 722 1409 808 qni

258 826 366 890 statim
393 832 465 909 post
488 829 632 890 mortuus
655 825 736 892 est¹.

345 930 494 996 Visitctis
511 931 630 994 sanctis
647 931 724 994 locis
740 951 809 994 cum
827 931 941 995 ceteris
958 930 1136 1015 peregrinis
1152 932 1227 996 steti
1251 931 1283 996 in
1301 937 1409 996 monte

258 1036 353 1120 Syon,
377 1040 410 1099 et
432 1041 504 1100 orto
521 1041 624 1111 vento,
648 1034 773 1101 flauto'
796 1037 836 1101 ab
859 1041 969 1101 austro
989 1036 1094 1101 divine
1110 1037 1296 1117 maiestatis,
1320 1038 1408 1102 exul-

259 1143 341 1206 tavit
364 1143 396 1205 in
422 1165 471 1205 me
495 1142 627 1226 spiritus
651 1163 748 1222 mens,
773 1147 805 1206 et
828 1142 969 1226 cogitavi
993 1142 1074 1225 apud
1100 1142 1263 1225 meipsum,
1288 1142 1335 1225 [p.
1353 1143 1408 1226 60]

260 1249 335 1333 quid
360 1247 447 1311 ultra
479 1268 578 1311 essem
601 1251 745 1326 acturus,
778 1247 945 1312 obsecrans
969 1247 1130 1311 dominum
1154 1269 1256 1311 meum
1281 1246 1408 1312 Ibesurn

259 1354 422 1418 Christum
438 1353 560 1430 devote,
577 1355 614 1416 ιιι
630 1353 730 1436 potui,
753 1357 789 1416 ιιι
804 1352 985 1417 ostenderet
1000 1352 1078 1416 mibi
1096 1352 1294 1416 voluntatem
1310 1373 1410 1429 sunm,

257 1463 292 1523 et
315 1458 369 1522 uhi
393 1458 490 1522 vellet
513 1479 563 1522 me
586 1457 718 1532 habere;
746 1479 787 1521 an
812 1457 957 1522 deberem
980 1479 1108 1522 manere
1130 1458 1163 1522 in
1186 1460 1273 1522 terra
1300 1462 1411 1522 sancta

258 1565 296 1630 ad
320 1563 448 1647 aliquod
472 1567 608 1646 tempus,
632 1585 671 1626 an
689 1583 828 1627 remeare
850 1563 888 1627 ad
905 1562 1034 1626 Italiam
1058 1584 1098 1626 an
1123 1567 1240 1626 terram
1256 1563 1410 1628 nativam.

259 1670 300 1734 Ει
323 1669 369 1732 sic
392 1669 580 1752 perplexus,
611 1689 675 1732 non
707 1668 825 1733 babens
848 1667 949 1732 alium
971 1668 1187 1733 consulentem
1221 1667 1282 1732 nisi
1306 1669 1411 1748 deum,

259 1774 377 1838 revolvi
402 1777 434 1837 eh
458 1772 541 1837 volvi
565 1773 598 1837 in
622 1777 729 1838 mente
752 1795 821 1845 mea
845 1794 908 1837 non
932 1773 1090 1838 modicum
1105 1772 1227 1852 anxius,
1251 1774 1327 1858 quid
1351 1774 1409 1838 eli-

258 1901 333 1963 gere
355 1877 480 1958 vellem‚
505 1869 620 1942 iterum
644 1878 802 1942 instanter
825 1877 1009 1961 supplicans
1040 1878 1142 1960 ipsum
1167 1878 1254 1960 pium
1270 1876 1409 1958 ihesum,

259 1989 296 2047 ιιι
318 1983 387 2066 ipse
410 2004 467 2047 sua
487 1983 645 2066 sapientia
668 1983 776 2048 divina
791 1983 953 2048 ordinaret
976 1986 1008 2046 et
1023 1983 1205 2065 disponeret
1222 2004 1345 2047 mecum
1368 1983 1409 2061 id,

260 2088 342 2173 quod
359 2089 419 2152 sihi
436 2089 538 2171 magis
555 2093 682 2170 gratum
700 2095 732 2151 et
747 2093 910 2172 accepturu
927 2093 1024 2166 esset;
1041 2087 1155 2152 vellem
1172 2087 1255 2152 enim
1271 2087 1411 2152 libenter

258 2195 290 2256 in
326 2215 382 2257 suo
413 2193 613 2276 beneplacito
645 2199 739 2258 stare.
797 2195 839 2258 Ει
873 2195 1045 2277 ponderavi
1075 2192 1215 2269 solicite,
1252 2195 1410 2276 quomodo

234 2319 236 2324 ·
260 2319 409 2382 prospere
434 2303 466 2362 et
485 2299 594 2394 ¹salvus
618 2300 788 2382 perductus
811 2321 909 2364 essem
932 2300 969 2363 ad
994 2305 1111 2362 terrum
1134 2303 1292 2377 sanctam,
1325 2300 1408 2383 qnod

258 2429 277 2469 a
300 2405 397 2486 longo
413 2409 555 2487 tempore
578 2425 649 2468 cum
675 2425 789 2488 magno
805 2404 959 2469 desiderio
982 2404 1084 2469 cordis
1099 2408 1267 2488 optassem,
1288 2406 1321 2468 et
1344 2425 1407 2468 non

258 2511 340 2572 esset
362 2508 441 2572 mibi
465 2509 526 2572 iarn
552 2531 645 2573 causa
666 2510 810 2593 legitima
833 2531 973 2593 presens,
997 2515 1130 2593 propter
1155 2531 1249 2594 quam
1266 2531 1409 2574 remeare

258 2613 345 2679 licite
369 2635 501 2698 possem.
550 2613 631 2678 Nam
657 2616 828 2699 gardianus
853 2616 954 2680 voluit
983 2615 1121 2679 libenter
1153 2637 1202 2678 me
1226 2613 1345 2678 habere
1378 2619 1409 2678 el

258 2741 321 2783 non
344 2719 446 2783 solum
470 2727 507 2784 ut
529 2719 664 2786 fratrem
686 2744 760 2806 ymo
791 2729 827 2786 ut
850 2727 972 2807 patrem
997 2727 1115 2787 tenere.
1163 2721 1204 2786 Et
1234 2742 1294 2806 ego
1318 2743 1406 2786 eram

258 2825 387 2910 perdel
413 2827 548 2909 gratiam
579 2849 673 2892 sanus
702 2850 842 2912 corpore.
888 2829 930 2892 Et
959 2827 1005 2891 sic
1026 2827 1198 2910 arguebam
1221 2849 1351 2890 manere
1375 2829 1408 2890 in

260 2936 347 2996 terra
370 2935 478 2996 sancta
503 2937 620 2997 elnon
645 2938 710 2997 tam
734 2934 840 3000 subito
857 2933 1009 2997 recedere.
1057 2932 1098 2995 Et
1121 2933 1190 2997 dedi
1215 2953 1264 2996 rne
1281 2932 1410 3015 penitus

813 3086 831 3120 *ll

331 3194 340 3245 l
374 3191 428 3246 Der
447 3193 610 3248 aulenthalt
636 3194 686 3249 der
713 3194 806 3265 pilger
833 3194 863 3248 in
886 3195 1042 3250 Jerusalem
1070 3194 1174 3264 helrug
1202 3193 1261 3249 also
1282 3193 1311 3249 ll
1332 3196 1408 3264 tage,

258 3279 356 3333 Febris
375 3279 535 3350 mitpilger,
563 3281 667 3336 welche
692 3280 770 3334 nicht
797 3297 833 3335 nn
862 3281 916 3336 den
935 3280 1013 3335 Sinai
1035 3282 1153 3351 gingen,
1181 3295 1274 3334 waren
1293 3297 1346 3334 nur
1367 3282 1408 3346 10,

258 3367 378 3421 Tuchers
406 3368 463 3422 und
483 3369 631 3424 Wilhelms
650 3387 703 3425 von
723 3369 886 3439 'l'hriringen
912 3388 965 3424 nur
983 3372 999 3425 8
1018 3373 1086 3439 tage
1112 3368 1140 3422 in
1170 3367 1332 3423 Jerusalem.
1368 3365 1406 3422 lle

258 3454 351 3509 ddrlte
365 3453 424 3510 also
437 3455 481 3508 hel
493 3455 576 3510 thr.
587 3456 617 3511 D.
629 3457 699 3527 pilg.
709 3459 742 3512 28
751 3461 825 3511 stult
837 3459 924 3512 »nach
936 3456 1193 3527 vieraehnttgigem
1204 3455 1406 3511 Auientbalte·

259 3535 332 3596 wohl
351 3541 486 3610 richtiger
512 3542 743 3612 ›aehnthgigem‹
763 3541 873 3598 heillen.
911 3531 987 3598 llber
1013 3544 1057 3600 die
1075 3544 1222 3599 ruellahrt
1248 3543 1298 3598 der
1315 3543 1409 3613 pilger

258 3627 350 3682 haben
369 3629 421 3682 wir
439 3647 492 3682 nur
510 3629 555 3683 die
575 3647 630 3683 von
648 3630 787 3684 Geisheim
806 3633 837 3684 31
859 3631 877 3684 f.
897 3629 1039 3700 gegebene
1058 3629 1212 3692 nachrieht,
1231 3631 1295 3684 dass
1314 3630 1406 3684 martr-

259 3717 326 3786 gral
344 3715 485 3772 Friedrich
504 3718 557 3772 auf
572 3718 621 3771 der
639 3718 718 3772 fahrt
736 3718 870 3773 zwischen
887 3717 1000 3773 Rhodus
1020 3717 1078 3772 und
1093 3717 1177 3772 Creta
1195 3715 1249 3771 mit
1267 3718 1333 3771 awai
1352 3733 1407 3773 von

259 3805 354 3860 seinen
372 3805 545 3876 begleitern,
567 3805 635 3875 Apel
655 3823 708 3861 von
728 3805 900 3862 Seckendorl
925 3805 982 3860 und
1003 3805 1147 3860 Eberhard
1168 3822 1222 3860 von
1241 3803 1406 3874 streitberg,

260 3909 356 3962 wegen
375 3892 422 3946 des
440 3891 540 3962 spieles
558 3891 589 3946 in
607 3893 687 3948 einen
707 3893 770 3948 sehr
782 3893 1031 3963 unerquichliehen
1050 3892 1134 3947 streit
1152 3891 1227 3946 kam.
1263 3879 1339 3947 llber
1356 3893 1407 3946 das

259 3980 364 4049 spielen
383 3979 436 4034 auf
451 3979 514 4034 dem
534 3979 628 4036 schiffe
646 3983 712 4050 sagt
731 3979 815 4034 Fabri
834 3981 854 4043 l,
877 3983 926 4037 166
946 3983 979 4036 t:
1012 3981 1102 4037 »omni
1121 3981 1167 4036 die
1184 3981 1290 4036 fiebant
1310 3979 1407 4050 magni

259 4071 288 4122 et
306 4066 447 4126 criminosi
466 4067 525 4121 ludi
546 4087 563 4122 a
582 4067 722 4124 nobilibus
745 4068 776 4123 in
794 4068 861 4122 navi
879 4085 941 4123 curn
961 4069 1066 4123 chartis
1085 4073 1114 4123 et
1132 4067 1239 4122 taxillis
1257 4109 1264 4122 .
1283 4107 1290 4122 .
1309 4107 1316 4122 .
1335 4068 1407 4122 mul·

257 4159 319 4208 tum
332 4157 361 4209 et
373 4155 540 4212 terribiliter
552 4159 649 4213 contra
660 4156 724 4211 illos
737 4155 842 4213 lusores
857 4157 989 4222 clamavi,
1009 4157 1117 4227 aliquos
1131 4157 1181 4212 Dei
1193 4157 1291 4226 gralia
1302 4156 1405 4221 averti;

260 4242 367 4312 aliquos
388 4260 454 4299 vero
473 4244 566 4314 magis
584 4244 667 4300 duros
685 4244 809 4300 reddidi:
828 4247 875 4315 qui
895 4246 1022 4316 qnotidie
1040 4247 1173 4302 sederunt
1191 4245 1226 4298 ad
1247 4244 1338 4298 lusum
1356 4245 1405 4298 ha·

260 4330 357 4385 benles
376 4331 406 4385 in
425 4330 526 4386 mensis
546 4333 612 4386 ante
631 4349 659 4386 se
678 4331 707 4386 L.
729 4332 784 4387 hX.
802 4333 823 4386 t>
842 4335 894 4387 aut
912 4332 954 4388 CO
973 4333 1097 4398 ducatos,
1114 4349 1184 4401 quas
1202 4332 1237 4386 ad
1258 4349 1346 4386 unum
1363 4331 1405 4384 lu·

259 4417 324 4472 dum
344 4418 549 4489 exponebant«
655 4421 671 4474 2
693 4420 776 4476 Wohl
796 4422 889 4478 dante.
