3054 4944
654 369 717 437 307

103 549 149 635 [p.
176 547 256 630 361]
281 547 450 611 Abbasslui
475 551 586 612 tenent
609 546 781 632 specialem
802 549 929 611 modurn
963 547 995 611 in
1026 569 1135 612 eorum
1157 547 1263 613 olficio

101 656 202 720 misse
218 656 251 718 et
266 653 403 716 maxime
418 654 450 716 in
467 653 723 718 solemnitatibus
740 653 932 717 conveniunt
948 651 1128 737 diligenter.
1173 653 1263 718 Tunc

103 759 211 824 omnis
239 756 330 842 plebs
352 757 520 843 utriusque
552 779 645 822 sexus
676 757 790 840 incipit
811 756 1015 822 vehementer
1037 757 1172 822 iubilare
1195 759 1262 824 deo.

104 863 157 930 Ibi
181 885 237 928 sex
261 867 317 928 aut
338 867 460 946 septem
483 863 676 928 conveniunt
699 863 737 926 ad
764 883 862 927 unum
882 862 1047 941 circulum,
1071 863 1116 927 ibi
1139 885 1263 943 novem,

103 969 156 1060 ibi·
176 969 295 1047 decem,
318 967 490 1052 aliquando
508 967 550 1032 14
571 969 604 1031 in
629 988 693 1032 uno
716 966 836 1032 circulo
852 967 1000 1047 iubilant,
1023 967 1143 1032 saltant
1165 968 1262 1032 mire-

107 1073 232 1153 biliter,
255 1071 480 1152 indesinenter,
503 1072 650 1136 manibus
667 1071 820 1156 plaudent
842 1075 875 1136 et
895 1071 970 1136 altis
986 1073 1115 1138 vocibus
1131 1078 1263 1138 cantant

110 1181 144 1243 in
171 1178 285 1262 lingua
316 1199 425 1242 eorum
453 1178 624 1242 secundum
657 1175 844 1261 qualitatem
868 1177 951 1242 festi.
999 1178 1040 1242 Et
1061 1179 1199 1244 maxime
1231 1181 1263 1242 in

107 1289 220 1349 sancto
245 1283 357 1348 sabato
381 1281 479 1348 Pasce
503 1281 665 1366 incipiunt
679 1282 741 1346 hoo
756 1283 930 1347 canticum:
954 1281 1102 1349 Surrexit
1116 1284 1263 1348 Christus

106 1387 214 1454 Iudeis
237 1387 271 1452 in
289 1389 492 1472 despectum
516 1385 624 1451 Christ
639 1387 682 1451 ist
697 1387 878 1466 erstanden,
894 1388 955 1452 den
973 1387 1077 1454 Juden
1094 1411 1133 1453 uu
1149 1391 1263 1454 schan-

106 1494 181 1558 den.
226 1493 269 1556 Et
292 1492 372 1557 illud
396 1494 556 1558 canticum
580 1493 769 1557 continuent
798 1515 856 1577 per
879 1515 973 1558 unam
996 1494 1046 1560 vel
1070 1496 1147 1559 duas
1170 1496 1264 1560 horas

109 1598 338 1678 indesinenter,
362 1601 394 1662 et
417 1598 589 1684 aliquando
612 1619 670 1682 per
685 1603 771 1663 totas
794 1601 902 1663 noctes
923 1604 1054 1665 cantant
1069 1604 1101 1665 et
1116 1600 1264 1680 clamant,

107 1709 144 1768 et
166 1702 304 1767 maxime
315 1725 373 1786 per
388 1705 515 1768 noctem
533 1704 779 1768 resurrectiones
794 1703 913 1768 domini
930 1726 990 1771 non
1009 1711 1143 1786 cessant,
1167 1706 1265 1770 donec

107 1810 177 1874 dies
193 1808 368 1886 elucescat3
400 1815 476 1874 tunc
507 1810 666 1894 incipiunt
687 1808 775 1874 aliud
798 1810 939 1875 olfioium
969 1811 1073 1874 misse.
1121 1809 1163 1874 Et
1185 1833 1263 1874 non·

105 1913 190 1979 nulli
218 1913 266 1978 ita
296 1914 510 1980 desideranter
533 1913 689 1994 clamant,
720 1911 856 1994 saltent,
887 1915 1026 1979 iubilant
1047 1919 1080 1980 et
1102 1916 1264 1998 plaudent,

108 2021 194 2106 quod
213 2017 398 2084 efficiuntur
414 2019 542 2100 debiles,
565 2018 672 2084 etfuit
684 2019 763 2082 mihi
779 2019 869 2084 valde
885 2017 1042 2084 mirabilis
1058 2043 1106 2084 res
1123 2021 1155 2084 in
1172 2021 1265 2084 corde

107 2147 179 2191 meo
202 2126 242 2190 de
265 2125 504 2190 continuatione
517 2123 537 2189 ¹.

176 2232 221 2318 [p.
248 2231 326 2316 363]
350 2230 397 2298 De
420 2229 570 2298 Latinis²
593 2238 625 2298 et
647 2233 730 2298 veris
753 2231 919 2297 catholicis
945 2229 1146 2312 Christianis,
1170 2232 1202 2295 in

313 2335 517 2417 [herusalem
540 2338 671 2403 civitate
695 2342 814 2418 saneta,
838 2336 1068 2402 habitantibus.

202 2442 367 2508 Postremo
389 2447 466 2508 sunt
488 2443 543 2509 olii
568 2443 713 2510 homines
735 2443 906 2509 christiane
923 2441 1097 2525 religionis,
1121 2442 1188 2506 veri
1204 2441 1264 2507 Oa-

110 2547 236 2626 tholici,
261 2547 316 2632 qui
339 2569 358 2611 a
379 2550 492 2613 ceteris
515 2550 705 2615 Christianis
728 2549 932 2634 appellantur
958 2547 1082 2628 hutini,
1113 2570 1132 2612 a
1155 2547 1265 2612 Sarra-

108 2653 196 2718 cenis
218 2673 295 2718 vero
319 2651 467 2720 Franchi.
512 2653 569 2720 Hii
593 2655 778 2720 inhabitant
807 2664 950 2720 sanctam
973 2653 1136 2718 civitatem
1159 2659 1265 2718 nostre

109 2758 341 2842 redemptionis
363 2759 569 2838 iherusalem,
594 2764 627 2824 et
648 2758 726 2824 olim
750 2763 842 2824 erant
864 2779 996 2822 numero
1021 2758 1149 2841 copiosi,
1174 2759 1265 2822 modo

108 2863 173 2928 heu
197 2863 310 2946 pauci,
333 2863 409 2928 olim
433 2864 465 2928 in
489 2867 649 2947 potestate
671 2885 805 2948 magua,
839 2883 923 2928 nunc
946 2883 1020 2927 vero
1043 2863 1208 2927 tributarii
1232 2867 1264 2926 et

109 2967 215 3032 infimi
238 2969 353 3033 servi.
378 3018 385 3033 .
410 3019 417 3033 .
464 2967 527 3033 Vix
551 2969 758 3034 inveniuntur
779 2968 992 3052 quadraginta
1014 2988 1148 3052 persone
1163 2965 1186 3046 ³,
1210 2968 1264 3052 qui

112 3073 179 3138 seri
204 3069 362 3139 Catholici
385 3079 476 3152 sunt,
501 3075 533 3138 in
558 3074 687 3138 civitate
709 3076 834 3153 saneta,
867 3073 923 3136 alii
948 3092 1057 3137 omnes
1081 3072 1264 3153 Christiani,

110 3181 148 3241 ut
171 3178 292 3242 dictum
317 3184 380 3259 est,
411 3179 572 3246 erroribus
595 3178 731 3244 involuti
755 3185 787 3244 et
809 3179 913 3243 heresi
936 3185 1012 3242 sunt
1035 3177 1156 3243 inlecti.
1202 3176 1265 3242 At-

110 3289 218 3347 tamen
242 3282 326 3347 sicut
348 3284 490 3370 quinque
514 3305 616 3368 pauca
646 3284 768 3349 semina
800 3285 900 3364 bona,
933 3282 1100 3348 fructifera
1123 3281 1266 3365 proiecta

108 3387 142 3451 in
167 3391 289 3452 terram
314 3389 506 3454 excellenter
538 3394 684 3454 crescunt
716 3389 750 3452 in
784 3389 901 3454 multos
921 3387 1062 3468 fructus,
1097 3388 1142 3452 sic
1172 3389 1265 3470 pauci

110 3493 189 3574 viri,
214 3493 282 3557 reri
307 3491 483 3576 Catholici,
508 3495 625 3560 fratres
648 3496 734 3560 beati
757 3495 858 3579 patris
885 3491 1061 3570 Francisci,
1092 3492 1169 3556 licet
1191 3497 1267 3556 sunt

110 3597 221 3681 pauci,
254 3603 360 3664 tamen
384 3602 471 3666 velot
494 3603 615 3667 semina
646 3603 729 3667 bona
752 3605 784 3666 et
806 3599 990 3680 fructifera,
1024 3621 1083 3682 per
1104 3599 1265 3664 dexteram

109 3723 240 3768 manum
263 3726 336 3768 vere
358 3706 538 3771 obedientie
561 3707 701 3790 proiecte
723 3708 756 3770 in
780 3711 899 3770 terram
922 3705 1153 3789 promissionis,
1177 3704 1265 3768 inde·

110 3809 253 3874 sinenter
276 3831 315 3874 cx
338 3831 373 3875 se
395 3811 489 3877 flores
505 3811 680 3876 odoriferos
695 3811 868 3876 multarum
886 3811 1042 3876 virtutum
1059 3809 1266 3894 pullulantes,

110 3933 146 3978 ac
169 3915 293 3980 fructus
315 3915 496 3982 salutiferos
519 3915 734 4001 plurimorum
765 3918 921 3982 bonorum
943 3937 1074 4002 operum
1106 3916 1140 3979 in
1175 3935 1264 3978 usum

110 4017 251 4086 liliorum
274 4027 382 4087 sancte
405 4023 523 4087 matris
546 4021 674 4088 ecclesie
697 4023 916 4107 producentes.
962 4021 1045 4088 Sunt
1068 4021 1153 4085 enim
1175 4039 1264 4104 mag·

182 4193 195 4246 1
217 4191 283 4262 Vgl.
302 4193 373 4250 oben
392 4211 413 4250 s.
435 4195 484 4252 133
504 4195 561 4250 und
583 4196 642 4250 142.
681 4131 700 4169 i
725 4197 741 4250 2
763 4194 856 4250 Diesor
875 4193 1061 4262 abhandlung
1079 4193 1147 4262 geht
1166 4190 1205 4244 lm
1224 4208 1267 4248 eo·

108 4278 161 4334 dex
179 4279 242 4336 eine
261 4281 329 4338 fiber
340 4282 385 4338 dis
397 4281 556 4340 Maronites
569 4301 679 4348 voraus,
700 4283 805 4339 welche
824 4283 886 4338 eine
900 4283 968 4338 selte
980 4281 1145 4360 einnimmt
1193 4282 1209 4333 3
1227 4279 1266 4332 Zu

106 4367 196 4423 dieser
214 4369 280 4424 zahl
300 4369 357 4439 egl.
370 4369 452 4426 llabri
469 4371 504 4436 ll,
523 4373 588 4438 205,
618 4371 815 4438 Breidenbach‚
843 4371 949 4442 Reyllb.
971 4371 1021 4427 163
1040 4369 1096 4423 und
1118 4367 1267 4424 besonders

109 4457 203 4528 Georg
220 4457 275 4514 549
294 4459 315 4512 l.

989 4549 1058 4616 20*
