3054 4942
823 339 887 408 208

281 535 394 598 aspere
417 517 464 579 est
486 515 539 578 vin
561 517 594 578 et
617 515 745 579 omnino
762 514 929 593 inculcata,
953 519 984 578 et
1007 519 1130 582 erectus
1155 521 1203 582 est
1224 538 1315 582 mons
1339 517 1429 601 qussi

280 641 426 686 ascensus
449 621 535 685 tecti.
583 619 624 683 Et
649 621 797 684 descensu
829 619 888 683 leci
912 641 1016 684 cesum
1040 623 1132 686 valde
1154 623 1370 706 periculosum
1392 622 1429 687 de

280 727 416 812 quedam
438 731 538 809 petre,
563 729 596 789 et
617 725 679 788 nisi
696 725 841 788 dominus
865 730 898 788 et
919 725 1012 790 besto
1028 725 1205 792 Kstherins
1220 728 1430 794 custodissent

279 859 338 915 me,
363 832 582 897 indubitanter
596 835 742 895 mortuus
758 829 890 894 fuissem
905 831 926 895 ¹.
975 831 1014 895 Et
1038 832 1070 896 in
1086 854 1198 898 occasu
1213 834 1289 898 solis
1305 854 1430 898 eremus

279 964 349 1008 eum
374 937 488 1004 ceteris
505 936 683 1019 peregrinis
706 936 738 998 in
762 937 913 1019 pomerio.
959 936 1001 1000 Et
1026 941 1185 1003 transsctu
1208 944 1302 1004 nocte
1324 961 1428 1018 mene,

279 1047 359 1111 feris
383 1043 496 1128 quinte
519 1041 575 1124 [25
600 1038 703 1125 Sept]
736 1043 810 1104 ente
833 1040 1016 1122 Michaelis,
1046 1043 1144 1108 ceteri
1166 1045 1331 1128 peregrini
1359 1067 1429 1108 sur·

279 1153 431 1216 rexerunt
446 1149 524 1212 bene
540 1150 604 1211 tres
620 1145 715 1210 horas
730 1151 804 1210 unte
819 1147 912 1224 diem,
939 1153 1134 1214 assumentes
1148 1149 1268 1214 socium
1283 1154 1430 1215 nostmm

280 1259 411 1340 propter
433 1254 561 1330 idioma,
584 1255 617 1316 et
632 1252 778 1316 exierunt
800 1252 833 1316 in
850 1253 970 1317 lumine
992 1253 1076 1334 lune,
1100 1261 1131 1318 et
1146 1255 1356 1319 escenderunt
1378 1259 1428 1318 st·

280 1383 342 1447 que
364 1359 593 1424 descenderunt
616 1357 695 1422 sslvi
718 1361 861 1422 montem
883 1357 981 1442 Synei
1004 1363 1112 1424 sancte
1128 1358 1305 1424 Ketherine
1327 1379 1430 1443 usque

279 1468 318 1531 sd
333 1467 443 1531 horem
460 1463 667 1542 undecimum,
690 1462 839 1527 videlicet
854 1463 1000 1528 dominus
1016 1463 1203 1530 Vernsndus
1224 1465 1261 1528 de
1278 1463 1430 1542 Mernew,

280 1578 312 1636 et
334 1571 480 1636 dominns
495 1568 671 1634 Smesmsm
695 1568 733 1632 de
751 1567 958 1652 Reppelstein
982 1592 1054 1635 cum
1077 1571 1190 1636 ceteris
1212 1569 1376 1634 nobilibus
1399 1573 1432 1634 et

279 1677 475 1764 ignobilibus
487 1673 510 1738 ².
557 1673 597 1738 Et
630 1674 715 1738 luctu
743 1674 916 1740 collatione
948 1676 982 1740 in
1014 1677 1146 1741 meridie
1178 1675 1306 1740 adducti
1338 1679 1432 1739 erent

279 1804 387 1850 omnes
416 1781 513 1859 asini,
544 1800 622 1864 quos
653 1780 762 1844 stetim
785 1780 1000 1860 ascendimus,
1032 1787 1064 1846 et
1087 1781 1299 1867 equitavimus
1320 1799 1432 1845 vorsus

279 1890 424 1954 dextram
446 1907 575 1950 manum
599 1885 813 1950 descendendo
849 1907 907 1970 per
929 1886 1082 1951 vollem⁸.
1130 1887 1172 1951 Et
1204 1909 1274 1951 curn
1304 1906 1432 1950 eremus

279 1994 462 2079 epomerio
495 1993 533 2055 sd
568 1991 629 2054 duo
651 1990 790 2054 miliaria
821 1991 948 2070 italica,
982 1993 1122 2056 ostendit
1152 1993 1244 2056 nobis
1268 1992 1369 2055 freter
1392 1991 1432 2054 de

279 2098 471 2164 monasterio
496 2095 586 2160 uobis
622 2097 789 2161 adiunctus
820 2103 962 2180 petrem,
998 2120 1094 2181 quem
1116 2099 1272 2182 percussit
1295 2096 1433 2181 Moyses,

279 2211 311 2270 et
327 2205 488 2269 fluxerunt
504 2223 584 2285 uque
609 2201 797 2283 largissime,
813 2202 897 2267 sieut
913 2201 1043 2286 legitur,
1068 2203 1151 2288 quod
1168 2203 1324 2287 percussit
1339 2203 1434 2285 virge

281 2311 328 2373 bis
350 2309 483 2383 silicem,
509 2311 541 2370 et
564 2306 662 2369 tertio
677 2306 774 2370 debet
795 2329 893 2390 eques
909 2307 1115 2391 largissimos,
1139 2314 1172 2372 et
1196 2309 1347 2372 biberunt
1370 2307 1433 2371 lilii

279 2413 401 2478 lsrehel
430 2417 465 2476 et
486 2411 586 2475 bestie
610 2432 716 2474 eorum
732 2410 754 2475 ⁴.
800 2409 883 2476 Item
906 2412 1119 2477 descendendo
1150 2414 1268 2478 iterum
1290 2412 1432 2496 emplius

279 2541 336 2602 per
351 2516 467 2581 vellem
490 2516 573 2579 forte
595 2516 634 2580 sd
657 2517 721 2580 tris
735 2518 875 2581 miliaria
892 2518 999 2583 itslios
1015 2521 1158 2584 venimus
1181 2521 1331 2584 adunam
1355 2519 1428 2603 pls·

280 2625 403 2702 uitiem‚
427 2623 466 2687 sd
489 2621 578 2686 cuius
594 2622 722 2686 initium
746 2623 783 2686 ad
800 2623 962 2687 sinistram
979 2647 1105 2688 menum
1131 2625 1163 2688 in
1187 2625 1306 2709 angulo
1329 2646 1432 2709 uppa-

844 2755 862 2791 ἕ·

278 2855 341 2906 ε1ειι
358 2867 524 2920 messungen
545 2849 689 2919 folgende:
719 2849 775 2903 Des
795 2849 1060 2904 Ksthsrinshlceter
1079 2848 1149 2919 liegt
1169 2849 1251 2914 1528,
1276 2849 1321 2904 die
1340 2849 1432 2905 Elius·

277 2939 390 3010 rspeus
408 2921 485 3000 eder,
504 2937 553 2990 uer
571 2937 657 3008 giplel
680 2938 726 2992 su
744 2937 836 3008 epus
858 2938 936 2991 unsa
953 2935 1054 3005 (sens)
1073 2938 1157 3000 2244,
1186 2937 1236 2990 uas
1255 2935 1362 2992 ursus
1380 2937 1434 2993 uer

279 3031 313 3083 10
327 3029 467 3096 martyrer
484 3025 550 3079 1710
570 3026 626 3080 und
646 3026 695 3081 der
708 3025 797 3096 gipiel
816 3025 865 3080 des
878 3024 1137 3093 listhorinsberges
1150 3023 1220 3078 2002
1232 3041 1259 3076 nr
1279 3024 1347 3080 iiber
1366 3027 1433 3081 dem

278 3133 375 3171 meere.
412 3113 496 3170 Boed.
515 3113 602 3168 Karte
621 3131 654 3167 zu
673 3116 724 3170 512
743 3113 801 3168 und
820 3116 871 3168 516
890 3114 974 3170 sowie
991 3115 1061 3168 text.
1100 3112 1163 3182 Vgl.
1181 3110 1227 3166 die
1245 3114 1332 3168 etwes
1351 3114 1431 3168 rudi·

278 3207 405 3258 mentire
423 3203 577 3270 zeichnung
596 3201 693 3254 Febris
712 3201 748 3266 11,
766 3203 828 3255 477.

351 3293 364 3344 l
386 3289 456 3343 »Der
468 3289 540 3357 Weg
558 3288 595 3342 ist
614 3289 676 3344 steil
697 3289 755 3344 und
773 3289 994 3346 beschwerlich«.
1023 3288 1106 3344 Bsed.
1122 3290 1182 3346 530.
1210 3287 1294 3342 usuri
1306 3287 1341 3354 IL
1361 3290 1431 3344 461:

280 3377 476 3433 »Ascendimue
489 3393 555 3445 ergo
569 3378 693 3431 montem
711 3393 760 3446 per
774 3375 850 3430 vium
864 3375 1028 3446 longiorem,
1048 3375 1216 3446 asperiorem
1236 3377 1265 3430 et
1277 3375 1430 3442 duriorem,

278 3483 327 3537 per
340 3465 431 3520 invios
446 3463 608 3532 crepidines,
623 3481 672 3533 per
684 3465 810 3534 scopulos
824 3466 998 3533 praeruptos,
1010 3480 1060 3533 per
1073 3467 1169 3532 petrae
1181 3463 1431 3533 superponimus,

278 3571 326 3623 per
345 3552 466 3606 minaces
485 3568 573 3620 rupes.
592 3569 642 3621 per
661 3551 808 3608 horribiles
827 3551 916 3604 saltus
928 3567 1032 3620 perque
1043 3550 1211 3621 praecipites
1230 3551 1342 3606 clivos«.
1365 3549 1432 3608 Von

278 3657 406 3695 unserem
425 3639 493 3692 iiber
512 3640 545 3692 60
555 3639 638 3708 jshrs
650 3639 728 3694 slten
742 3639 872 3692 Walther
885 3655 943 3692 war
955 3639 1030 3694 disse
1044 3639 1213 3709 testeigung
1225 3639 1286 3694 eine
1300 3639 1432 3709 trichtige

276 3729 407 3796 leistung.
479 3727 496 3779 2
515 3724 599 3779 l'sbri
612 3725 646 3790 11,
658 3726 709 3780 475
723 3726 834 3780 mechte
853 3727 923 3780 cuch
936 3725 1010 3780 diese
1023 3726 1191 3796 besteigung
1204 3727 1263 3782 mit.
1335 3727 1352 3781 3
1373 3727 1431 3782 Des

277 3816 380 3870 hereits
399 3815 542 3884 genunnte
560 3813 621 3868 thel
642 3813 777 3883 el·Ledjs.
883 3817 899 3868 4
920 3813 1002 3868 Fabri
1022 3814 1152 3870 erwiihnt
1172 3815 1207 3882 ll,
1221 3816 1272 3868 180
1292 3831 1339 3868 em
1358 3815 1431 3870 ende

279 3907 326 3962 des
345 3909 460 3975 gertens
478 3903 524 3958 die
543 3903 626 3958 hchle
644 3904 692 3958 des
705 3902 846 3970 Onuirins,
865 3903 969 3958 welche
989 3905 1019 3958 in
1038 3905 1101 3959 eine
1120 3903 1233 3974 kepelle
1252 3901 1431 3956 verwendelt

278 4013 337 4049 war
354 3992 412 4047 unu
431 3993 514 4047 neure
540 3991 610 4046 soen
629 3991 739 4061 geues
757 3992 833 4048 wire.
871 3989 1038 4058 uu-cutue,
1058 3993 1117 4046 esi.
1138 3993 1171 4057 ιι,
1191 3991 1251 4047 sse.
1287 3975 1364 4042 tues
1383 3989 1430 4042 uu

278 4081 395 4151 legende
422 4081 469 4135 des
488 4079 526 4133 hl,
547 4078 680 4134 Onuirius
700 4079 756 4150 vgl.
777 4077 907 4148 Gonredy
926 4081 978 4137 333
998 4079 1026 4134 ff.
1064 4081 1095 4134 ln
1114 4081 1203 4148 bezug
1231 4077 1281 4134 eui
1302 4077 1348 4131 die
1367 4079 1430 4131 ent·

279 4171 399 4238 fernnng
417 4167 465 4222 des
483 4168 584 4222 ieleene
603 4168 650 4224 des
665 4168 751 4224 Moses
770 4170 835 4236 sugt
853 4185 882 4223 er
901 4187 971 4222 nur:
992 4169 1127 4224 »ulterius
1145 4165 1286 4239 progressi
1301 4164 1430 4218 venimus

278 4256 313 4310 sd
342 4275 426 4310 unum
455 4255 626 4325 singularem
649 4257 785 4324 petrem«,
823 4256 966 4310 Wolthere
985 4256 1209 4328 dietonznngobe
1237 4254 1275 4309 ist
1301 4252 1430 4310 offenbsr

278 4361 312 4397 zu
330 4342 410 4414 grcss,
429 4345 503 4400 denn
521 4345 569 4398 der
589 4343 677 4398 felsen
689 4341 760 4396 wird
778 4343 808 4398 in
827 4344 903 4398 einer
916 4344 1089 4416 entiernung
1102 4362 1157 4402 von
1176 4346 1210 4400 20
1223 4343 1352 4398 minuten
1365 4358 1429 4398 vom

278 4432 382 4488 kloster
400 4432 518 4502 geuoigt.
559 4431 640 4486 used.
657 4431 718 4488 529.
