3054 4942
768 299 829 364 198

226 478 276 543 die
290 477 337 542 de
360 498 429 541 sero
444 475 587 540 venimus
610 474 649 538 ed
666 495 792 560 equom,
815 474 869 538 sed
892 492 955 538 non
973 479 1042 539 eret
1058 474 1149 538 bone.
1196 471 1277 538 Item
1293 471 1374 536 ferie

227 587 341 668 quarte
363 587 396 646 et
419 581 532 666 quinte
548 580 840 664 perambulavimus
856 579 973 644 iterum
989 580 1158 656 desertum,
1182 582 1215 642 et
1232 578 1374 642 venimus

225 689 265 753 ad
287 692 409 752 montes
424 691 577 771 petrosos,
600 691 632 750 et
654 687 692 751 de
714 707 784 750 sero
800 686 1014 750 castremetati
1038 705 1145 749 sumne
1168 684 1259 748 iuxta
1280 705 1372 749 mon·

227 797 293 858 tem
316 792 437 872 altum,
470 798 502 858 et
525 814 640 877 equam
663 791 780 856 bebere
812 813 873 856 non
897 797 1080 875 poteramus
1093 789 1116 854 ¹.
1162 788 1205 852 Et
1226 788 1374 852 dixerunt

226 897 343 963 Arabi:
362 896 429 961 »De
440 899 651 962 menestetim
664 899 782 961 erimus
797 919 869 962 cum
881 919 995 982 equo«,
1011 897 1065 962 sed
1076 895 1204 960 mentiti
1216 894 1375 959 duxerunt
1440 939 1442 944 .

226 1023 284 1066 uos
301 1021 400 1084 usque
423 1001 461 1065 ad
477 1021 624 1084 vesperes
640 1021 709 1065 oum
728 1021 844 1086 magno
860 1023 1022 1066 murmure
1037 1001 1236 1066 infirmorum
1259 1004 1292 1063 et
1306 1020 1373 1063 om-

227 1107 315 1170 nium
338 1127 396 1189 per
419 1105 537 1170 multas
557 1107 662 1170 devies
684 1109 717 1170 et
739 1127 866 1189 asperos
882 1110 1007 1172 montes
1030 1113 1063 1172 et
1078 1106 1178 1172 velles
1193 1105 1372 1181 indirectas,

227 1233 390 1297 quousque
412 1212 613 1295 pervenimus
644 1213 684 1276 ad
707 1212 866 1295 quandem
889 1213 1023 1291 vallem,
1057 1213 1091 1276 in
1126 1233 1188 1296 que
1224 1211 1375 1274 dixerunt

226 1337 292 1381 esse
315 1337 429 1400 equum
444 1317 559 1394 vivam,
582 1315 636 1380 sed
659 1337 722 1380 non
739 1320 809 1381 erat
823 1339 952 1394 verum3
974 1319 1025 1382 sed
1051 1321 1119 1381 eret
1134 1339 1218 1402 equa
1240 1336 1373 1399 congre-

226 1425 302 1506 gate
325 1443 363 1484 ex
386 1421 563 1484 stillatione
579 1422 753 1503 petrarum,
776 1425 864 1484 stans
888 1422 973 1485 inter
988 1421 1121 1504 lapides,
1144 1423 1182 1485 de
1206 1443 1269 1506 que
1292 1421 1375 1484 bibi·

224 1547 297 1591 mus
319 1529 352 1590 et
366 1531 476 1591 nostro
491 1524 651 1591 animalis„
698 1524 741 1589 Et
764 1525 810 1590 sic
832 1548 850 1589 c
872 1524 954 1590 ferio
970 1528 1067 1590 tertio
1083 1547 1182 1610 usque
1206 1527 1244 1590 ed
1261 1525 1394 1616 leriam·

227 1631 373 1716 quintam
395 1631 433 1695 de
457 1635 549 1695 nocte
572 1652 635 1694 non
657 1629 827 1695 habuimus
842 1653 958 1715 aquam
981 1631 1043 1696 nisi
1066 1631 1099 1694 in
1123 1629 1250 1695 camelis
1273 1630 1374 1694 feten-

227 1740 291 1801 tem
316 1736 348 1800 in
373 1737 471 1812 utris;
504 1741 537 1800 et
570 1735 628 1800 illa
651 1741 745 1801 noete
767 1737 914 1800 stetimus
946 1737 1034 1801 iuxta
1058 1735 1229 1801 surcinolae
1251 1740 1375 1798 nostres

227 1842 260 1905 in
284 1861 400 1926 magna
430 1841 564 1906 miseris.
609 1841 690 1906 ltem
721 1841 803 1906 ferie
831 1847 920 1907 sexte
944 1839 1002 1928 [19
1026 1839 1129 1928 Sept]
1154 1848 1226 1924 post
1246 1837 1374 1905 orucis²

227 1947 318 2033 quasi
339 1946 374 2010 in
395 1945 499 2010 medis
527 1950 620 2010 nocte
653 1945 872 2010 surreximus³
905 1951 937 2010 et
958 1947 1153 2030 arripuimus
1182 1946 1245 2010 iter
1267 1965 1375 2008 versus

228 2054 310 2118 altos
326 2057 460 2132 montes,
483 2051 569 2114 inter
585 2072 664 2135 quos
679 2051 891 2135 equitavimus
907 2073 1007 2136 usque
1030 2052 1069 2115 nd
1084 2050 1196 2114 horem
1212 2050 1374 2130 decimam,

226 2164 304 2224 tunc
326 2179 450 2222 eramus
473 2157 506 2219 in
529 2155 699 2220 altitudine
723 2161 850 2221 montis.
897 2155 946 2220 lbi
962 2156 1113 2241 primitus
1129 2156 1265 2220 vidimus
1288 2177 1375 2220 more

226 2265 368 2342 rubrum,
392 2268 424 2326 et
448 2267 566 2326 terram
592 2261 714 2346 Egipti
737 2265 769 2326 et
792 2265 931 2326 montem
954 2261 1051 2347 Synci
1074 2263 1107 2325 et
1128 2264 1235 2326 sancte
1253 2259 1373 2325 Ketbe-

227 2370 306 2447 rine,
331 2374 363 2434 ct
386 2367 464 2431 elias
487 2367 709 2450 dispositiones
739 2368 854 2432 deserti
870 2368 892 2432 ⁴.
939 2367 980 2432 Et
1004 2368 1056 2432 vix
1078 2371 1260 2450 poteramus
1284 2387 1373 2429 mon-

227 2481 293 2540 tem
315 2473 502 2538 descendere
534 2473 567 2535 in
603 2472 706 2536 tribus
738 2473 825 2537 horis
847 2479 981 2556 propter
1003 2472 1180 2557 perieulum
1203 2493 1309 2536 rerum
1343 2477 1375 2535 et

226 2578 411 2643 animalium
426 2575 449 2641 ⁶.
495 2574 652 2641 Nonnulli
676 2579 774 2643 etiam
790 2579 902 2644 cameli
919 2579 1109 2657 ceciderunt,
1132 2578 1185 2641 sed
1208 2577 1247 2642 de
1269 2577 1375 2660 gretia

227 2685 277 2750 dei
300 2704 357 2746 nec
380 2703 429 2746 res
451 2703 510 2746 nec
526 2683 624 2746 bestie
640 2688 795 2767 ceperunt
810 2684 970 2748 damnum.
1016 2681 1058 2747 Et
1074 2683 1185 2747 stetim
1200 2681 1285 2745 infre
1307 2702 1371 2744 non

226 2789 321 2873 longe
343 2789 377 2850 in
400 2787 550 2852 descensu
570 2789 743 2852 mansimus
766 2809 866 2872 prope
880 2793 1022 2852 montem
1045 2788 1103 2852 sub
1127 2786 1260 2870 rupibus
1283 2807 1373 2849 mon·

226 2895 308 2959 tium
330 2897 462 2977 propter
490 2893 625 2956 nimium
648 2893 783 2958 colorem
817 2915 916 2978 usque
947 2894 986 2958 od
1009 2913 1155 2959 occasum
1189 2891 1284 2970 solis,
1318 2911 1375 2954 nec

300 3159 310 3208 l
332 3155 411 3210 Auch
429 3153 513 3209 Fabri
527 3151 626 3218 11‚432
645 3153 773 3208 erwtbnt
791 3153 878 3219 nicht,
897 3155 962 3210 dese
980 3155 1019 3210 sie
1037 3155 1181 3224 irgendwo
1193 3173 1294 3210 wasser
1314 3157 1375 3210 len·

226 3243 288 3298 den.
394 3243 410 3296 2
437 3242 469 3297 D.
489 3242 516 3295 h.
536 3243 600 3308 post
623 3240 726 3295 festum
745 3241 937 3297 Excltutionis
956 3261 978 3299 s.
997 3243 1093 3298 erucis.
1199 3245 1215 3299 3
1237 3243 1296 3300 Von
1314 3244 1374 3299 hier

227 3349 264 3386 un
282 3331 392 3384 stimmt
408 3331 538 3385 Walther
556 3331 609 3383 mit
621 3328 706 3383 Fabri
724 3330 782 3384 und
795 3329 986 3386 Breidenbsch
1006 3331 1044 3385 im
1064 3331 1163 3386 datum
1176 3332 1277 3387 wieder
1296 3332 1375 3388 fiber-

226 3419 280 3474 ein.
316 3418 395 3472 Anob
414 3417 453 3472 sie
470 3418 573 3472 kamen
596 3435 643 3471 am
665 3417 695 3472 19
715 3417 791 3486 Sept.
811 3419 862 3472 suf
888 3417 935 3474 die
952 3419 1025 3474 hoho
1053 3419 1102 3474 des
1120 3421 1218 3490 berges
1245 3421 1299 3475 mit
1326 3419 1375 3475 der

226 3507 327 3562 weiten
346 3506 478 3561 sussicht.
558 3508 574 3560 4
594 3505 709 3570 Tucher,
728 3505 831 3576 Rieter,
852 3506 935 3562 Fabri
954 3507 1011 3562 und
1031 3507 1222 3562 Breidenbnch
1241 3509 1374 3577 sprechen

226 3595 327 3650 cbenso
346 3612 401 3650 von
419 3594 508 3650 dieser
527 3593 652 3648 aussiobt
670 3593 727 3649 und
746 3611 856 3649 nennen
876 3594 921 3649 die
940 3595 1019 3660 boire,
1041 3613 1095 3651 von
1114 3595 1163 3650 dcr
1181 3613 1231 3650 aus
1250 3613 1317 3650 men
1335 3595 1374 3651 sie

226 3701 332 3753 genoss,
351 3681 480 3745 Roaokie,
498 3681 649 3751 Rosclryne
667 3683 725 3736 und
738 3683 882 3752 Recbuym
902 3683 1059 3752 (Breidenb.
1073 3683 1124 3738 hat
1136 3683 1236 3737 keinen
1251 3685 1373 3754 namen).

228 3771 312 3827 nour.
331 3769 441 3825 bleissn.
470 3769 562 3824 beben
589 3769 619 3824 in
647 3771 750 3825 diesem
777 3771 862 3840 berge
890 3771 944 3826 den
972 3789 1036 3841 pass
1055 3769 1206 3826 er-lrakine
1224 3773 1374 3834 rermntet,

226 3857 352 3912 nweifeln
372 3856 472 3926 jedocb
499 3857 569 3912 noeb
597 3874 634 3910 sn
662 3857 711 3912 der
728 3858 894 3927 riehtigkeit
920 3858 1009 3912 dieser
1040 3858 1189 3912 unnnbme.
1225 3857 1322 3914 Rieter
1340 3861 1374 3914 94

226 3963 301 4002 cnm.
320 3948 345 4000 4.
382 3943 456 3998 Aber
479 3942 524 3998 die
543 3943 816 4015 bbereinstimmung
844 3945 883 3999 im
902 3962 1016 4008 numen,
1045 3945 1137 4000 ferner
1164 3945 1214 4000 der
1231 3946 1373 4012 umstend,

226 4034 290 4088 dces
308 4033 353 4087 die
372 4047 461 4101 genre
478 4030 680 4101 besobreibung
698 4033 747 4088 der
760 4033 922 4088 drtlicblreit
941 4049 1034 4104 genau
1052 4033 1105 4086 auf
1120 4033 1214 4088 diesen
1229 4033 1376 4105 dbergsng

226 4122 316 4190 petest,
345 4119 402 4174 und
430 4119 577 4175 besonders
604 4119 669 4173 dnss
695 4119 740 4176 die
763 4121 935 4190 entsernuug
953 4136 1017 4174 vom
1037 4119 1302 4175 Ketbnrinelrloster
1328 4120 1373 4175 iob

226 4207 336 4261 mtcbte
354 4224 442 4276 engen
470 4207 521 4260 auf
537 4207 582 4261 dic
606 4207 706 4262 stunde
723 4208 849 4272 utimum,
879 4209 973 4262 maobt
999 4207 1044 4262 die
1061 4206 1197 4261 identitnt
1216 4207 1374 4263 zweifellos.

227 4294 292 4362 Vgl.
310 4294 360 4348 des
379 4295 515 4349 ttrteben
534 4313 568 4348 su
585 4295 654 4350 seite
671 4295 723 4350 482
742 4295 770 4349 in
790 4295 873 4350 Bred.
895 4283 1084 4366 Unt-llgypt.
1156 4299 1171 4349 5
1191 4294 1271 4350 Neob
1291 4294 1374 4350 Fabri

227 4381 260 4447 ΙΙ,
278 4383 329 4436 439
349 4381 429 4438 httte
448 4381 497 4438 der
517 4381 628 4452 abstieg
647 4386 662 4438 5
681 4383 800 4438 stnnden
820 4383 965 4453 gedauert
