3054 4944
680 361 744 430 267

135 545 210 626 pete
233 544 310 605 sunt
326 544 519 625 torquentes
542 562 597 606 cor
619 562 738 620 meum,
774 541 809 605 in
841 541 1044 625 compedibus
1078 540 1189 605 devote
1219 561 1284 604 me-

135 645 303 710 ditationis
326 645 482 710 dominice
505 647 677 730 passionis,
707 647 831 712 assidue
854 647 1033 711 divinarum
1054 646 1283 729 scripturarum

132 749 291 831 lectionis,
315 772 404 816 recre
426 753 459 814 et
480 749 660 835 frequentis
683 751 837 816 orationis
862 757 917 815 eut
940 749 986 814 rei
1002 749 1135 814 alterius
1156 751 1284 813 strenue

133 855 338 940 operationis,
361 877 402 920 ne
417 855 543 920 incaute
558 861 699 940 vagaret,
715 855 839 920 solicite
853 855 960 920 curavi
977 854 1185 936 adstringere.
1216 850 1284 917 Sic·

132 982 193 1046 que
215 959 335 1025 mundo
357 981 409 1024 me
431 960 622 1025 mortificare
645 961 778 1041 decrevi,
803 961 926 1046 solique
956 960 1051 1026 Ihesu
1074 959 1191 1025 dilecto
1213 979 1283 1023 meo

131 1086 188 1148 per
209 1065 318 1129 omnis
341 1085 379 1128 ex
402 1069 472 1130 toto
495 1066 588 1130 corde
614 1065 739 1149 placere
762 1065 946 1132 desideravi.
993 1065 1034 1130 ldt
1056 1065 1203 1147 deinceps
1226 1085 1284 1147 per

131 1170 277 1254 singulos
299 1171 366 1235 dies
388 1193 452 1236 non
476 1191 600 1256 semper
621 1171 764 1255 corporis
786 1172 947 1256 gressibus
974 1170 1026 1234 sed
1050 1169 1166 1233 mentis
1190 1187 1283 1232 censs

131 1275 308 1339 devotionis
327 1273 513 1358 frequenter
536 1276 617 1340 exivi
646 1277 680 1341 in
707 1298 820 1363 egrum
836 1277 1038 1354 dominicum,
1061 1272 1188 1357 singule
1203 1272 1281 1348 loce,

129 1379 215 1445 dicta
238 1385 270 1444 et
292 1379 378 1444 fecta
392 1379 568 1446 dulcissimi
591 1380 684 1446 Ihesu
702 1382 809 1446 dilecti
831 1383 895 1447 mei
909 1381 1073 1446 meditare.
1120 1377 1161 1442 Et
1175 1377 1282 1458 sepius

129 1484 332 1568 perlustratis
354 1507 417 1550 non
442 1488 600 1552 modicum
624 1488 732 1572 incepi
761 1488 799 1552 de
822 1487 931 1552 multis
950 1484 1110 1571 generosis
1132 1481 1282 1567 operibus

127 1612 185 1674 per
209 1612 280 1656 eum
302 1590 397 1656 fectis
411 1593 573 1657 ammirari
599 1593 637 1658 de
668 1593 799 1678 eiusque
813 1591 1072 1659 innocentissime
1095 1594 1127 1654 et
1149 1587 1281 1652 emeris-

127 1697 207 1762 sime
229 1696 377 1781 passione
401 1697 507 1762 dolere
529 1719 565 1762 ac
588 1699 626 1763 de
655 1699 855 1785 negligentis
871 1699 1082 1783 plurimorum
1105 1697 1280 1758 antecesso-

127 1823 211 1882 rum,
234 1803 421 1867 devotorum
446 1824 483 1868 ac
505 1804 682 1887 peritorum
705 1806 867 1884 virorum,
900 1804 955 1888 qui
977 1802 1108 1866 fuerunt
1137 1799 1170 1863 in
1193 1803 1281 1862 terra

125 1911 238 1972 senche
261 1907 403 1987 tristari,
435 1930 472 1974 eo
497 1911 579 1995 quod
609 1910 821 1990 consideravi,
854 1909 938 1974 filios
958 1907 1054 1972 huius
1076 1903 1185 1968 mundi
1208 1903 1229 1965 i.
1253 1923 1279 1967 e.

127 2011 273 2076 infideles
288 2011 510 2095 prudentiores
532 2015 552 2079 i.
569 2037 594 2080 e.
618 2015 838 2098 diligentiores
861 2035 926 2079 esse
948 2015 982 2077 in
1006 2011 1101 2076 factis
1124 2009 1189 2074 suis
1204 2006 1280 2071 filiis

129 2117 211 2182 lucis
234 2117 257 2181 i.
281 2138 307 2180 e.
332 2117 459 2196 fideles,
483 2120 537 2204 qui
561 2121 682 2185 hebent
704 2120 811 2184 lumen
836 2119 990 2184 veritatis.
1036 2115 1120 2180 Nam
1152 2109 1279 2196 reprobi

125 2221 272 2287 infideles
296 2243 411 2307 magno
434 2224 538 2289 studio
561 2225 671 2289 dedis
694 2226 728 2290 in
757 2227 839 2290 diem
856 2225 1033 2290 describere
1055 2224 1147 2306 gesta
1168 2216 1279 2280 infide-

126 2329 205 2392 lium
229 2349 396 2407 curavere,
419 2333 452 2393 ct
474 2329 551 2394 heu!
577 2331 657 2414 prob
689 2331 797 2396 dolor!
822 2331 916 2416 pauci
940 2328 1058 2394 nostris
1080 2321 1280 2407 temporibus

127 2433 333 2516 reperiuntur
365 2433 396 2496 in
432 2440 518 2499 terra
548 2443 676 2516 saneta,
710 2439 765 2523 qui
798 2437 882 2522 regis
913 2435 1015 2501 nostri
1038 2431 1135 2496 ihesu
1158 2425 1278 2494 Christi

130 2537 200 2602 loce
223 2542 255 2601 et
276 2538 389 2620 prelis,
413 2545 504 2623 geste
526 2547 560 2604 et
575 2541 744 2620 mirabilis,
769 2547 921 2626 operest
944 2540 1030 2606 dicte
1045 2535 1222 2603 describere
1246 2535 1279 2596 et

126 2643 248 2726 scripto
270 2643 421 2707 mandere
443 2645 572 2710 student
595 2647 633 2710 sd
654 2647 854 2712 devotionem
877 2645 1020 2711 fidelium
1043 2647 1075 2707 et
1098 2641 1222 2706 leudem
1245 2641 1278 2702 et

127 2747 265 2831 gloriam
288 2747 389 2832 ipsius
411 2747 520 2829 ihesu,
545 2751 599 2834 qui
623 2751 707 2816 solus
730 2751 899 2817 laudabilis
933 2754 965 2815 et
986 2749 1144 2834 gloriosus
1174 2749 1221 2809 est
1243 2741 1277 2806 in

126 2852 250 2930 seculo,
282 2875 346 2922 non
369 2855 566 2919 attendentes
599 2857 677 2920 illud
701 2855 824 2922 Thohie
849 2854 890 2920 12
912 2853 1070 2939 capitulo:
1100 2850 1204 2936 Opera
1228 2848 1277 2914 dei

128 2957 261 3022 revelari
286 2960 318 3022 et
334 2958 478 3023 confiteri
495 2958 703 3025 honorificum
728 2966 785 3042 est,
809 2983 866 3027 nco
880 2961 1080 3026 advertentes
1094 2957 1198 3022 zelum
1219 2977 1276 3020 sn·

131 3063 385 3147 tiquissimorum
400 3069 579 3128 sanctorum
596 3069 735 3148 patrum,
760 3067 814 3151 qui
831 3067 870 3131 de
885 3065 1008 3130 talento
1023 3064 1085 3128 sibi
1101 3063 1276 3140 commisso,

128 3168 277 3233 timorem
300 3168 419 3232 domini
441 3190 566 3254 semper
590 3174 664 3234 ente
686 3171 793 3236 oculos
812 3175 1000 3250 statuentes,
1023 3191 1094 3234 cum
1118 3167 1205 3233 omni
1228 3166 1276 3230 di-

126 3273 263 3358 ligentia
286 3279 318 3338 et
340 3293 456 3358 megno
480 3274 589 3340 labore
613 3276 745 3340 minime
768 3277 887 3340 domiui
911 3277 1012 3340 nostri
1037 3273 1131 3339 Ihesu
1155 3272 1276 3338 Christi

124 3383 222 3444 verbe
244 3383 278 3442 et
299 3399 412 3461 opere,
442 3383 507 3443 tam
532 3401 584 3458 ea,
608 3401 669 3464 que
692 3382 725 3445 in
749 3381 879 3465 propria
902 3403 1038 3466 persona
1060 3381 1128 3464 ipse
1150 3379 1276 3464 operari

125 3492 157 3548 et
172 3484 265 3570 loqui
281 3483 431 3568 dignatus
454 3490 511 3564 est,
536 3507 631 3570 quam
648 3486 744 3550 etiam
766 3486 833 3566 illa,
858 3509 919 3571 que
947 3492 1129 3551 sanctorum
1146 3505 1275 3550 suorum

123 3595 276 3673 operatus
308 3593 355 3653 est
378 3589 571 3670 ministerio,
603 3593 641 3654 ad
676 3592 742 3655 eius
766 3592 890 3656 leudem
926 3597 958 3656 ct
990 3598 1056 3656 tem
1079 3591 1275 3676 presentium

124 3719 219 3781 quam
247 3695 428 3761 futurorum
451 3697 650 3763 devotionem
673 3703 706 3762 et
720 3697 981 3762 informationem
1004 3699 1141 3762 scribere
1163 3697 1274 3761 studu-

122 3805 227 3866 erunt.
274 3799 317 3864 Et
338 3801 413 3865 licet
436 3822 495 3885 ego
511 3802 640 3886 penitus
656 3803 782 3881 inscius,
806 3803 937 3885 ignarus
961 3807 994 3867 et
1016 3825 1073 3887 per
1095 3803 1202 3867 omnis
1224 3801 1273 3863 in·

122 3905 213 3970 utilis
235 3905 307 3982 sim,
332 3909 422 3968 tenta
445 3911 552 3971 temen
576 3912 699 3973 ettam
723 3909 920 3974 ammiranda
943 3909 1028 3992 regis
1052 3907 1154 3972 nostri
1179 3905 1273 3969 ihesu

123 4008 243 4074 Christi
260 4008 361 4092 prelis
378 4014 409 4074 et
426 4013 491 4074 tam
509 4011 663 4096 gloriosos
686 4013 725 4076 de
740 4012 880 4078 inimicis
895 4015 960 4078 suis
976 4019 1009 4078 et
1025 4013 1142 4078 nostris
1158 4010 1272 4074 trium·

122 4115 203 4198 phos
225 4135 263 4178 ac
285 4135 381 4198 opera
407 4120 439 4180 ct
461 4115 531 4180 loca
562 4118 621 4181 sub
644 4116 772 4182 silentio
795 4119 985 4184 abscondere
1009 4139 1072 4183 non
1096 4117 1193 4180 debeo
1216 4137 1273 4180 nec

122 4221 203 4286 volo.
252 4216 312 4284 Sed
344 4225 441 4303 prout
474 4221 553 4285 mihi
584 4223 692 4286 divine
714 4225 820 4307 gratia
856 4229 887 4288 et
910 4223 1070 4306 scriptura
1092 4229 1271 4288 sanctorum

121 4325 287 4388 doctorum
304 4325 525 4391 subministrat
548 4332 580 4392 et
603 4329 734 4411 proprie
751 4331 950 4412 experientis
972 4329 1159 4414 quotidiano
1181 4329 1273 4394 docet

123 4449 259 4514 meaque
280 4449 379 4511 parve
400 4427 539 4496 facultas
554 4433 707 4516 admittit,
731 4434 861 4500 intendo
883 4435 979 4522 plane
1002 4440 1035 4500 et
1051 4434 1189 4500 breviter
1212 4436 1272 4500 ali-
