3056 4944
800 358 863 426 138
954 423 958 432 .

260 535 338 602 duos
361 535 531 620 discipulos
566 535 602 599 ad
626 532 804 599 Jerusalem
836 554 894 617 pro
926 533 1023 598 asinis
1047 531 1244 598 adducendis.
1290 532 1332 598 Et
1360 533 1407 598 ibi

260 643 353 707 dictis
368 640 567 707 orationibus
590 640 630 704 ab
646 639 792 704 omnibus
807 638 977 703 voluerunt
992 637 1110 702 iratres
1125 637 1264 717 omnino,
1287 641 1324 700 ut
1346 657 1407 722 ego

260 747 423 810 induerem
439 744 546 828 prot
563 743 585 823 ¹,
609 747 641 808 et
656 743 768 807 induto
783 747 958 826 posuerunt
980 765 1029 806 mc
1045 763 1139 826 super
1154 742 1278 806 asinum
1293 742 1406 806 dantes

260 873 384 916 ramum
407 850 445 913 de
467 849 592 932 palmo,
626 847 777 912 adiuncto
801 847 979 914 ramusculo
1006 847 1183 926 olivarum,
1215 847 1254 911 ad
1277 868 1408 912 manum

259 977 373 1021 meam.
419 953 466 1018 Ex
494 953 571 1036 ipsis
594 973 669 1016 vero
691 951 791 1037 aliqui
815 953 1043 1017 antecedcrunt
1063 974 1131 1032 me,
1154 952 1271 1036 reliqui
1295 973 1407 1037 seque-

261 1061 378 1124 bantur
393 1063 557 1123 cantantes
574 1058 684 1122 devote
700 1057 907 1142 antiphonas:
934 1057 1047 1122 »Pueri
1066 1057 1284 1123 Hebreorumr
1298 1055 1311 1094 ¹
1335 1079 1408 1124 oum

261 1165 383 1244 ceteris,
407 1163 598 1248 proicientes
628 1169 702 1226 ante
725 1164 848 1228 asinum
872 1165 1009 1247 pirretas
1023 1163 1047 1240 ⁸,
1080 1161 1284 1247 panniculos,
1313 1163 1410 1227 flores

261 1273 293 1334 et
314 1291 418 1334 ramos
441 1270 479 1334 de
501 1269 604 1348 olivis,
628 1269 673 1334 sio
696 1269 918 1333 continuantes
946 1289 1046 1353 usque
1068 1267 1107 1332 ad
1123 1267 1273 1332 verticem
1289 1267 1409 1332 montis

261 1373 388 1440 Oliveti.
433 1373 547 1458 Ibique
570 1393 686 1458 magna
707 1373 879 1438 multitudo
895 1371 1151 1437 Christianorum
1173 1373 1211 1437 de
1231 1371 1327 1437 variis
1351 1393 1408 1436 na·

262 1481 404 1544 tionibus
427 1481 495 1544 erat
510 1481 712 1562 congregata,
736 1476 833 1540 etiam
850 1475 943 1540 multi
960 1477 1089 1560 pagani.
1134 1473 1183 1540 lbi
1201 1481 1275 1540 ante
1290 1475 1409 1560 gradus

262 1585 392 1650 ecclesie
407 1585 620 1668 deposuerunt
636 1603 687 1645 me
702 1581 739 1646 de
756 1581 855 1660 asino,
877 1585 911 1644 et
926 1581 1114 1645 intravimus
1130 1579 1410 1664 processionaliter

261 1688 425 1754 ecclesiam
447 1687 603 1753 cantando
627 1688 744 1751 iterum
764 1687 884 1751 devote.
930 1685 971 1750 Et
986 1687 1116 1752 visitato
1139 1685 1219 1765 loco,
1242 1687 1297 1752 ubi
1313 1684 1408 1751 Obri-

261 1801 330 1861 stus
353 1795 436 1862 celos
458 1794 615 1870 aseendit,
651 1797 683 1858 et
707 1795 904 1878 processione
938 1794 970 1857 in
995 1795 1125 1858 eeclesia
1152 1793 1237 1858 facta
1273 1792 1410 1860 circum-

262 1901 364 1966 eundo
387 1901 558 1986 capellam,
591 1921 651 1984 que
676 1905 723 1964 est
746 1900 778 1963 in
801 1899 947 1978 ecclesis,
980 1899 1133 1963 exivimus
1156 1899 1274 1962 iterum
1296 1897 1410 1961 devote

263 2012 294 2071 et
316 2007 461 2071 ordinate
474 2005 497 2084 ⁴,
528 2011 560 2070 et
587 2005 778 2090 sequebatur
807 2025 863 2069 nos
893 2004 995 2070 omnis
1024 2004 1195 2068 multitudo
1222 2002 1353 2086 populi,
1379 2004 1411 2066 et

262 2113 398 2176 maxime
430 2111 518 2176 natio
542 2109 782 2175 Armenornm⁶
816 2132 886 2174 curn
910 2110 1105 2194 presbyteris
1138 2107 1259 2172 indutis
1293 2105 1410 2172 casulis

263 2223 295 2282 et
318 2217 407 2281 laicis
430 2217 597 2301 utriusque
619 2235 727 2294 sexus,
759 2215 814 2300 qui
847 2235 956 2279 omnes
987 2213 1213 2298 procurrebant
1235 2210 1411 2296 spoliantes

262 2344 295 2387 se
319 2321 458 2406 propriis
481 2322 687 2400 vestimentis,
711 2325 744 2384 ct
766 2321 951 2384 sternebant
973 2321 1006 2382 in
1031 2319 1082 2382 via
1103 2338 1211 2383 omnes
1234 2319 1409 2383 clamantes

263 2431 295 2491 et
318 2427 472 2490 dicentes:
498 2425 716 2501 »Benedictus
740 2425 795 2509 qui
811 2425 898 2490 venit
921 2425 954 2488 in
978 2423 1106 2488 nomine
1123 2421 1276 2498 domini«,
1299 2443 1410 2487 accur-

263 2535 432 2614 rentesque
455 2531 616 2616 tangendo
640 2532 672 2594 et
694 2529 862 2594 osculando
896 2533 962 2593 tam
985 2551 1035 2592 me
1059 2551 1154 2613 quam
1178 2527 1320 2606 asinum,
1357 2547 1412 2591 cu-

264 2637 387 2718 pientes
404 2637 441 2700 de
457 2634 543 2700 foliis
560 2635 676 2718 palme,
700 2657 795 2720 quam
811 2635 899 2699 tenui
914 2657 1020 2714 mauu,
1044 2634 1160 2719 quibus
1175 2654 1234 2717 ego
1250 2631 1410 2696 distribui.

264 2740 305 2804 Et
327 2741 372 2806 sic
395 2741 661 2806 continuaverunt
684 2741 774 2825 quasi
804 2746 986 2824 per'totum
1011 2741 1190 2804 descensum
1216 2737 1334 2802 montis
1357 2757 1409 2800 us-

264 2868 325 2931 que
347 2847 385 2910 ad
409 2847 543 2930 gradum
565 2847 694 2911 ecclesie
719 2848 808 2910 beate
832 2846 931 2911 Mario
961 2847 993 2910 in
1018 2845 1099 2910 valle
1121 2841 1314 2927 Josapbatl.
1360 2840 1410 2905 lbi

832 2969 849 2998 f

263 3038 318 3093 seit
336 3039 386 3093 der
403 3039 582 3094 krennfahrer
601 3039 694 3094 diesen
715 3040 760 3094 ort
787 3055 824 3092 an
843 3037 897 3092 den
916 3035 1143 3104 stidoetabbang
1162 3034 1210 3089 dee
1228 3021 1363 3103 lllberges
1381 3030 1411 3086 in

264 3125 314 3182 der
331 3127 466 3198 richtung
483 3143 573 3198 pogen
594 3127 757 3182 Bethanien.
794 3125 905 3190 'soblem
923 3124 991 3194 Top.
1006 3123 1039 3186 11,
1058 3124 1109 3178 498
1121 3121 1151 3175 ff.
1170 3121 1268 3191 bringi
1286 3119 1332 3175 die
1352 3136 1412 3174 rer-

265 3214 429 3269 schiedenen
449 3215 579 3285 engeten
598 3213 647 3269 der
666 3214 758 3284 pilger
776 3214 844 3268 siber
868 3213 921 3267 den
941 3213 1000 3274 ort,
1024 3209 1177 3265 veraiehtet
1204 3208 1271 3264 aber
1298 3207 1349 3261 aul
1365 3206 1411 3262 die

265 3302 443 3372 leetstellung
455 3303 544 3358 seiner
556 3305 629 3370 lage.
667 3301 740 3372 Sepp
752 3301 873 3357 erblickt
891 3301 945 3354 den
957 3301 1002 3355 ort
1015 3299 1054 3352 im
1066 3296 1201 3366 heutigen
1215 3295 1294 3351 dorse
1303 3293 1408 3350 Siloam

264 3387 399 3458 (Siluan).
411 3391 467 3445 Jer.
480 3391 500 3456 Ι,
512 3391 562 3446 696
574 3391 602 3446 ff.
616 3392 710 3456 Grata,
721 3391 852 3460 Schaupl.
863 3391 914 3444 285
924 3388 1006 3443 sucht
1015 3388 1064 3442 ibn
1072 3385 1173 3441 estlicb
1184 3403 1237 3440 ron
1249 3383 1410 3439 Bethanien.

338 3480 349 3531 l
371 3477 414 3530 lm
432 3478 509 3531 alten
529 3481 696 3534 testamento
714 3478 765 3533 das
784 3475 983 3532 schutterlrleid
1001 3475 1048 3530 des
1061 3474 1292 3544 bohenpriesters,
1311 3471 1409 3527 deeeen

265 3563 343 3632 stoff,
372 3565 452 3620 farbe
477 3566 533 3620 und
553 3569 661 3636 gestslt
688 3585 780 3637 genau
799 3563 1026 3634 vorgesehrieben
1046 3579 1112 3618 war.
1148 3560 1330 3630 Hanneberg,
1351 3559 1410 3613 ltel.

265 3652 360 3707 sltert.
372 3655 423 3708 544
434 3654 453 3708 f.
469 3653 516 3709 Bei
526 3654 786 3710 mittelalterlichen
796 3652 966 3721 liturgilrern
977 3649 1046 3704 wird
1056 3650 1110 3704 mit
1121 3647 1211 3719 ephod
1224 3647 1274 3702 der
1284 3646 1410 3705 amiotus

266 3738 333 3793 »das
354 3741 408 3795 den
423 3741 490 3797 Hals
508 3743 564 3796 und
583 3743 630 3798 dle
642 3742 790 3797 Schultern
808 3739 982 3795 bedeckende
995 3736 1178 3798 Linnentnch‚
1198 3733 1315 3790 welches
1329 3734 1411 3786 unter

265 3825 318 3880 den
332 3828 514 3898 liturgisohen
525 3830 766 3899 Mesogewtndern
779 3833 871 3883 rueret
882 3826 1017 3896 angelegt
1026 3824 1121 3888 vird«,
1134 3821 1302 3878 bezeichnet.
1322 3819 1409 3873 Weta.

265 3916 359 3972 Walte
377 3917 425 3982 IV,
444 3919 504 3974 676.
524 3919 544 3983 Ι,
564 3919 623 3973 739.
695 3919 712 3971 2
732 3916 781 3971 Die
796 3915 954 3970 nltmlichen
967 3912 1208 3981 wecheelgessuge
1220 3906 1411 3976 werdenjetzt

265 4006 335 4062 noch
354 4007 398 4061 bei
418 4006 467 4060 der
479 4006 635 4077 processioa
655 4023 701 4060 am
714 4004 919 4070 Palmsonntag
937 4016 1089 4071 gerungen.
1126 3997 1239 4052 Miseale
1256 4013 1409 4052 romanum.

266 4095 412 4151 Dominica
429 4097 459 4148 in
477 4093 588 4164 palmis.
659 4093 675 4148 6
695 4093 709 4146 'i
780 4093 797 4146 4
818 4091 913 4145 Dieeen
927 4087 1029 4143 besuch
1049 4083 1411 4142 derhimmelfabrtslrirohe

266 4184 394 4238 erwahnt
412 4182 482 4238 auch
501 4181 644 4247 eraresm.
665 4180 743 4235 nicht
761 4197 790 4235 so
808 4177 1010 4232 umsttndlicb.
1117 4179 1133 4230 5
1151 4171 1257 4228 Frdher
1274 4170 1344 4226 hielt
1362 4169 1409 4224 der

266 4270 423 4326 erabisehof
439 4269 487 4325 der
498 4271 644 4325 Armenier
663 4266 882 4339 dioprozession.
901 4263 968 4334 Vgl.
986 4281 1007 4318 s.
1023 4264 1072 4319 137
1083 4279 1156 4317 anm.
1167 4262 1192 4315 2.
1246 4262 1262 4315 6
1280 4257 1336 4312 Das
1348 4255 1410 4312 thel

267 4358 374 4414 Kidron
392 4359 460 4412 wird
482 4359 607 4429 htufiger
620 4357 704 4410 vallis
717 4355 854 4426 Josaphut
873 4355 1009 4424 genennt,
1028 4353 1099 4407 nach
1118 4350 1230 4420 einigen
1248 4364 1345 4418 wegen
1363 4344 1410 4399 des

268 4448 428 4520 grabmales
441 4447 605 4517 iosaphate,
623 4447 675 4501 dae
695 4445 752 4500 sich
770 4445 799 4499 in
818 4441 977 4498 demselbeu
989 4439 1119 4504 befindet‚
1140 4437 1212 4492 nach
1223 4436 1305 4507 Sepp,
1323 4433 1377 4490 Jer.
1390 4431 1410 4496 1,
