3056 4944
830 334 871 402 82

276 537 358 583 novo
373 537 464 600 pane,
480 533 553 578 narn
564 511 763 576 comedentes
779 511 955 576 inciderent
966 516 1155 600 amentiam
1171 519 1203 580 et
1218 538 1281 582 non
1295 523 1425 602 potera·

273 643 342 689 rnna
352 623 432 688 bene
442 619 560 686 habere
571 638 667 701 panes
679 621 712 682 et
722 639 846 683 eramus
856 620 997 684 contenti
1011 619 1049 684 de
1059 620 1190 704 piscatis
1202 623 1321 687 nostris
1332 622 1362 688 ¹!
1385 624 1424 689 In

272 729 380 792 eadam
394 725 523 792 civitate
534 724 632 789 hebet
641 723 718 788 ordo
728 721 997 789 Theutonioorum
1009 747 1104 790 unam
1114 726 1243 792 domum
1255 725 1268 762 ¹
1281 733 1425 794 atnnum

271 853 344 898 cum
360 832 473 896 habitu
488 828 771 908 theutonicorum,
794 832 904 894 natum
920 830 959 894 de
975 829 1165 915 Mergeten³
1182 832 1220 896 de
1236 831 1422 902 Franconia

273 937 313 1002 Et
336 937 370 1001 in
394 937 505 1002 eadem
526 936 619 1000 domo
643 938 712 1000 erat
735 935 882 1019 princeps
905 934 1086 1020 hospitatus
1108 959 1181 1003 cum
1202 939 1286 1018 suis,
1314 944 1347 1004 et
1370 939 1425 1004 ille

272 1044 418 1108 dominus
441 1041 562 1107 ordinis
583 1040 854 1106 Theutonioorum
878 1040 956 1108 fecit
978 1043 1056 1106 satis
1078 1043 1256 1107 liberaliter
1278 1048 1311 1108 et
1334 1065 1423 1108 reve-

272 1151 379 1213 renter
401 1147 558 1227 omnihus,
581 1147 659 1211 licet
681 1145 845 1212 solverunt
868 1151 970 1212 totum
995 1153 1053 1214 etc.
1101 1147 1139 1212 ln
1162 1149 1269 1214 endem
1291 1149 1423 1214 civitate

271 1255 407 1320 vidimus
431 1252 566 1332 Grecos,
590 1251 766 1338 Zygineros
782 1253 805 1331 ⁴,
830 1251 976 1331 Mauros,
1005 1273 1147 1337 paganos
1170 1259 1202 1318 et
1225 1254 1423 1319 Christianos

271 1365 303 1424 et
318 1359 487 1444 presertim
508 1363 574 1424 tres
596 1358 647 1422 vel
671 1362 861 1442 4pagancs,
887 1358 942 1442 qui
959 1358 1141 1422 habuerunt
1163 1358 1271 1424 decem
1295 1365 1327 1424 et
1349 1381 1421 1443 sep·

270 1467 337 1528 tem
352 1462 506 1547 Ethiopes
529 1462 580 1528 vel
597 1461 725 1527 Mauros
748 1462 891 1546 captivos
907 1462 1033 1527 venales
1045 1461 1068 1526 ⁶.
1114 1461 1174 1527 Sed
1191 1463 1421 1528 11011τί1311τί-

268 1569 380 1634 stianis
397 1567 569 1632 noluerunt
583 1567 729 1645 vendere,
753 1589 792 1630 ne
809 1567 1015 1650 pervenirent
1038 1568 1076 1632 ad
1100 1567 1210 1643 fidem;
1235 1571 1267 1632 et
1289 1567 1422 1634 luerunt

269 1675 396 1739 iuvenes
418 1671 518 1738 fortes
549 1675 583 1736 et
611 1692 677 1735 una
705 1671 774 1736 sola
796 1672 933 1755 parvula
954 1671 1062 1755 puella
1086 1672 1170 1737 forte
1192 1673 1297 1738 decern
1320 1695 1421 1738 anno·

268 1801 350 1844 rum.
395 1777 438 1842 Et
453 1775 571 1862 pegeni
588 1780 761 1842 tenuerunt
777 1797 829 1842 eos
845 1798 918 1842 cum
934 1777 1015 1856 cibo,
1038 1777 1121 1842 sient
1137 1799 1230 1843 canes
1252 1779 1285 1842 in
1301 1780 1422 1845 nostris

268 1885 414 1969 partibus
436 1883 576 1948 aluntur.
621 1881 659 1946 In
690 1883 799 1948 eadem
821 1882 951 1948 civitate
981 1881 1047 1948 fuit
1076 1882 1195 1948 dictum
1218 1885 1356 1968 principi
1389 1891 1421 1950 et

267 1991 415 2074 pluribus
439 1990 601 2056 nobilibus
624 2009 643 2052 a
666 1989 804 2074 quodam
827 1987 1035 2072 predicatore,
1069 1989 1226 2073 quomodo
1248 1990 1421 2056 audivisset

268 2097 370 2162 afide
392 2097 512 2182 dignis,
536 2096 620 2180 quod
644 2093 729 2178 ignis
752 2093 966 2158 descendisset
988 2093 1027 2158 de
1049 2093 1136 2172 celo,
1159 2097 1191 2158 et
1214 2096 1420 2178 percussisset

268 2222 339 2266 ossa
361 2200 553 2266 Machometi
577 2201 610 2264 in
634 2198 747 2263 Mecha
770 2199 801 2262 in
827 2199 1022 2284 profundum
1037 2199 1208 2279 infernum,
1232 2221 1360 2284 rogans,
1383 2207 1422 2266 ut

267 2305 440 2390 diligenter
455 2305 689 2390 inquireremus
707 2303 883 2368 veritatem.
931 2303 973 2367 Elt
995 2303 1034 2368 de
1056 2303 1116 2369 hoo
1138 2305 1270 2389 negotio
1292 2307 1420 2390 patebit

268 2409 354 2475 infra
368 2431 425 2474 suo
441 2409 518 2474 loco.
567 2409 608 2472 Et
624 2412 753 2492 sumpta
768 2430 847 2474 cena
863 2409 895 2472 in
911 2409 1004 2474 domo
1021 2407 1292 2476 Theutonioorum
1308 2433 1420 2477 omnes

162 2577 166 2588 ,
266 2515 350 2580 circa
372 2515 615 2600 completorium
638 2515 839 2578 intraverunt
861 2513 996 2598 galeam.

355 2621 396 2686 Et
418 2642 511 2686 mane
545 2620 577 2683 in
600 2641 715 2685 aurora
750 2620 783 2682 in
816 2619 867 2684 die
902 2619 977 2686 lune
1001 2619 1049 2707 [p.
1073 2621 1132 2708 46]
1166 2628 1198 2687 et
1228 2623 1333 2706 prima
1366 2623 1420 2688 die

266 2725 382 2790 mensis
404 2725 485 2792 Julii
510 2731 542 2791 et
566 2727 598 2790 in
622 2729 734 2791 octava
755 2723 912 2790 Johaonis
935 2731 967 2790 et
983 2727 1095 2811 vigilia
1106 2725 1252 2812 Virginis
1274 2728 1417 2813 gloriose

266 2829 469 2906 ¹visitationis
485 2837 652 2896 traxerunt
668 2831 832 2910 anchoras,
856 2837 887 2895 et
905 2833 1123 2915 navigavimus
1139 2832 1234 2914 lente,
1259 2835 1335 2918 quia
1351 2856 1416 2900 non

265 2936 433 3002 habuimus
456 2941 586 3002 ventum
614 2938 770 3017 validum,
802 2941 835 3002 et
871 2937 991 3002 relictis
1024 2937 1187 3002 montibus
1218 2939 1250 3002 in
1285 2939 1419 3005 sinistra

265 3048 373 3126 parte,
405 3048 436 3107 et
458 3043 653 3109 ascendimus
675 3065 762 3108 mare
785 3043 901 3122 alturn,
937 3047 969 3107 et
992 3043 1169 3108 dimisimus
1197 3045 1282 3109 viam
1306 3067 1418 3111 versus

831 3149 847 3180 ff

267 3217 296 3276 'ir
316 3217 397 3272 einen
415 3233 516 3271 remus.
553 3215 678 3271 hetatere
703 3215 770 3271 zwei
788 3215 1016 3286 bezeichnungen
1034 3216 1109 3272 tlnde
1136 3217 1181 3272 ich
1201 3216 1334 3289 nbrlgsns
1364 3237 1419 3273 nur

263 3305 308 3360 bei
327 3304 468 3359 Walther.

335 3393 348 3446 l
372 3391 465 3446 Dieser
474 3390 642 3446 sonderbare
652 3390 824 3460 aberglanbe
835 3393 873 3447 ist
884 3395 962 3448 sonet
975 3393 1109 3462 uirgands
1120 3392 1256 3447 arwahnt
1292 3394 1308 3446 2
1321 3391 1418 3450 Dicaea

255 3479 333 3546 ‚hans
351 3479 421 3533 wind
439 3479 511 3534 auch
530 3497 583 3534 von
604 3478 687 3533 Fabri
708 3479 728 3543 l,
744 3479 779 3534 39
799 3497 826 3534 u.
847 3481 911 3544 165,
931 3480 979 3544 111,
998 3480 1048 3534 331
1070 3479 1206 3536 1111111111.
1242 3480 1417 3552 Grilneberg,

262 3567 312 3622 der
329 3569 347 3622 4
362 3567 445 3636 jahra
463 3567 534 3621 nach
554 3567 684 3622 Walther
704 3567 769 3624 dort
787 3585 862 3631 war,
890 3568 1002 3624 wohnte
1030 3567 1059 3622 in
1081 3568 1242 3624 demselben
1270 3570 1327 3624 und
1357 3571 1420 3625 tras

262 3657 345 3710 einen
371 3655 523 3710 deutschen
550 3655 736 3712 ordcnsritter
764 3655 892 3712 Johannt
910 3671 966 3710 von
992 3655 1114 3719 Hussen;
1145 3657 1247 3712 ebenso
1267 3655 1416 3728 Paraberg.

264 3745 348 3800 nour.
368 3744 443 3801 Mais.
465 3743 496 3798 D.
515 3743 585 3814 pilg.
607 3745 664 3801 163.
683 3745 742 3799 216.
779 3744 817 3797 Zu
838 3743 978 3815 hudolphr
1007 3743 1098 3799 seiten
1117 3745 1210 3816 (1310)
1239 3745 1341 3800 hatten
1371 3746 1416 3801 die

263 3833 415 3888 deutschen
427 3833 527 3888 herren
540 3832 611 3887 auch
630 3833 660 3886 in
669 3831 765 3888 hlorea
777 3831 948 3887 »fortissima
957 3834 1076 3888 castras
1105 3831 1199 3902 Deyks
1210 3833 1253 3888 23.
1307 3833 1416 3890 thier-

261 3919 415 3992 gentheim.
522 3924 539 3974 4
558 3919 608 3975 Die
627 3919 770 3990 Zigeuner,
790 3937 845 3975 von
864 3919 919 3975 den
939 3920 1057 3976 meisten
1071 3920 1184 3992 pilgern
1202 3919 1264 3977 hier
1276 3921 1415 3982 eruthnt.

261 4011 362 4064 hatten
380 4008 452 4064 nach
481 4007 530 4062 der
548 4007 735 4076 allgemeinen
754 4009 865 4064 ansicht
893 4009 942 4064 dor
960 4009 1125 4078 damaligen
1152 4009 1208 4064 aeit
1225 4009 1286 4064 ihre
1305 4009 1414 4065 heimot

260 4097 358 4152 iudet
385 4097 458 4152 nahe
477 4113 532 4152 von
552 4094 662 4151 Modon.
699 4095 829 4165 Conrady
848 4097 882 4151 99
900 4097 920 4152 f.
957 4097 1041 4152 Harff
1056 4099 1089 4153 67
1110 4099 1199 4153 neunt
1228 4098 1273 4152 ihr
1293 4097 1413 4154 heimat

261 4186 329 4239 land
350 4185 473 4256 »Gyppe
491 4186 542 4240 dat
555 4183 705 4253 nmbtrynt
717 4183 850 4239 veirtaich
862 4185 952 4255 mijlie
962 4203 1018 4240 van
1037 4185 1086 4240 der
1096 4185 1177 4240 stadt
1190 4185 1291 4241 Medon
1304 4185 1412 4255 lijcht.‹

261 4273 325 4341 Vgl.
345 4272 429 4327 sans
447 4273 496 4339 Ill,
514 4273 574 4328 338.
647 4271 752 4329 5Vom
775 4273 998 4329 sklavenhaudel
1017 4274 1046 4328 in
1061 4273 1162 4330 ldodon
1181 4272 1255 4328 finde
1272 4273 1317 4328 ich
1336 4277 1414 4329 const

262 4359 344 4416 keine
362 4361 446 4416 notia.
483 4361 563 4417 Naoh
584 4361 666 4417 Fabri
684 4361 732 4426 111,
746 4362 796 4418 361
815 4361 929 4417 wurden
949 4362 1034 4418 echon
1053 4361 1081 4416 in
1102 4359 1199 4431 Bogus
1218 4360 1333 4416 sklaven
1353 4377 1413 4416 ver·

259 4447 357 4514 kantt3
368 4448 540 4505 airsfhhrlieh
551 4450 672 4506 handclt
682 4469 712 4506 er
720 4469 783 4508 vom
794 4451 1015 4508 alslavenhnndel
1025 4450 1053 4504 in
1070 4448 1262 4504 Alexandrien
1272 4448 1320 4513 ill,
1335 4451 1383 4504 16⁴
1393 4449 1410 4504 f.
