3054 4944
638 347 701 414 257

93 525 253 609 probavit,
275 529 308 589 et
323 528 438 588 cuncta
452 527 585 608 propter
599 523 701 588 maius
723 524 841 588 bonum
856 523 1021 606 disposuit.
1068 521 1150 588 Item
1166 521 1247 588 feria

93 629 191 694 tertia
200 633 274 713 post
283 629 401 694 festum
413 629 515 693 sancti
525 627 647 694 Thome
663 632 696 692 et
706 632 781 693 ante
791 627 940 693 Natalem
952 627 1072 692 domini
1089 627 1145 712 [23
1158 626 1246 709 Dea]

95 734 272 817 incepimus
289 733 440 816 navigare
455 753 564 797 versus
578 731 762 816 Bogudem,
785 733 839 796 sed
854 737 944 797 ortus
967 736 1014 797 est
1028 737 1142 797 ventus
1158 731 1249 796 valde

95 839 219 905 validus
242 844 275 902 et
297 837 420 921 expulit
442 837 529 902 ultra
552 839 590 902 ad
613 859 700 902 mare
722 838 834 902 altum.
880 837 922 901 Et
944 837 978 902 in
993 837 1105 922 vigilia
1120 834 1248 902 Nativi-
1360 923 1363 934 Ι

95 944 172 1008 tatis
196 941 319 1008 Christi
344 940 399 1030 [24
414 941 507 1028 Dea]
532 963 594 1007 non
616 948 798 1026 poteramus
822 942 938 1007 babere
960 963 1018 1008 nec
1040 946 1168 1026 portum
1192 963 1249 1007 nec

97 1048 273 1116 castellum.
322 1048 364 1112 Et
379 1049 574 1132 opportebat
589 1069 646 1112 nor
661 1070 790 1112 manere
805 1052 839 1111 in
855 1047 914 1112 illa
928 1047 1141 1112 sacratissima
1156 1051 1249 1112 nocte

96 1153 127 1218 in
150 1175 240 1219 mare
261 1155 381 1238 absque
397 1153 563 1219 dominicis
578 1151 703 1232 officiis,
727 1154 811 1238 quod
834 1153 915 1217 mibi
939 1152 1162 1236 gravissimum
1185 1152 1249 1217 fuit

97 1259 127 1322 in
149 1259 347 1325 conscientia
368 1281 446 1324 mea.
494 1257 562 1323 Nec
584 1280 675 1322 mane
698 1258 769 1341 ipsa
800 1258 851 1323 die
874 1255 1065 1322 Natiuitatis
1087 1258 1250 1341 potuimus

97 1364 214 1429 babere
236 1365 340 1429 locum
363 1385 422 1448 pro
444 1363 601 1430 dominico
622 1363 727 1429 officio
742 1364 762 1430 ¹.
810 1365 962 1428 Attamen
991 1369 1123 1448 propter
1146 1385 1248 1448 popu-

96 1469 160 1535 lum
185 1471 376 1534 existentem
398 1470 432 1533 in
455 1469 548 1554 galea
569 1469 635 1552 legi
658 1469 726 1533 alta
746 1489 821 1533 voce
844 1468 879 1533 in
902 1491 972 1534 mea
994 1469 1087 1554 galea
1108 1469 1249 1534 officium

95 1595 216 1640 summe
239 1575 335 1640 misse
348 1572 370 1640 ⁸.
418 1573 460 1638 Et
489 1575 572 1640 lecto
603 1573 710 1638 officio
732 1573 864 1638 fecimus
886 1574 1067 1657 prandium.
1114 1572 1247 1638 Demnm

95 1681 316 1766 navigavimus
339 1701 398 1764 per
413 1679 494 1743 diem
519 1683 552 1743 et
567 1684 703 1758 noctem,
726 1685 757 1742 et
773 1701 865 1744 mane
881 1683 968 1744 sexte
983 1678 1065 1744 ferie
1085 1679 1141 1764 [26
1156 1677 1245 1763 Dea]

96 1786 128 1848 in
151 1806 268 1849 aurora
284 1783 497 1868 applicuimus
519 1782 649 1850 castello
665 1781 800 1848 Gorsnle
812 1781 835 1863 ⁸,
860 1784 944 1868 quod
967 1787 1015 1848 est
1033 1785 1068 1848 in
1083 1785 1248 1868 provincia

97 1887 277 1969 Dalmatis,
312 1893 344 1953 et
376 1888 486 1953 statim
510 1888 663 1952 exivimus
687 1889 829 1974 galeam,
865 1892 897 1954 et
918 1889 1038 1954 ibidem
1060 1889 1093 1953 in
1117 1888 1248 1955 ecclesia

100 1996 276 2061 cathedrali
300 1995 364 2060 dixi
388 1994 513 2058 missam
537 1995 576 2058 de
597 1998 706 2060 saneto
728 1992 892 2078 Stephano
926 1995 1106 2060 astantibus
1128 2013 1248 2058 merca·

99 2101 223 2165 toribus
257 2105 290 2164 et
319 2105 455 2184 patrono
486 2104 605 2165 nostro.
651 2099 693 2164 ΕΙ
726 2101 852 2166 demum
883 2101 915 2164 in
940 2100 1070 2165 meridie
1106 2098 1250 2164 lecerunt

98 2205 189 2271 nobis
213 2204 342 2290 quidam
366 2209 557 2270 mercatores
579 2205 613 2268 in
644 2204 776 2270 civitate
799 2205 918 2270 bouum
941 2203 1121 2289 prandium.
1168 2201 1249 2267 Item

98 2310 188 2374 iuxta
210 2309 294 2374 idem
317 2310 483 2375 castellum
506 2311 546 2375 ad
568 2311 630 2376 duo
645 2311 785 2376 miliaria
807 2311 915 2374 italica
936 2311 970 2374 in
993 2332 1057 2375 una
1080 2329 1178 2392 parva
1199 2307 1249 2370 in·

100 2416 170 2480 sula
192 2415 291 2479 maris
314 2421 361 2480 est
383 2415 472 2480 locus
494 2416 714 2480 devotissimus
736 2415 872 2480 fratrum
897 2417 1059 2480 minorum
1082 2416 1119 2480 de
1142 2413 1249 2479 obser·

99 2521 218 2601 vantia,
240 2525 273 2585 et
288 2525 420 2586 vocatur
442 2521 480 2585 ad
496 2512 638 2585 sanctam
656 2520 790 2585 Mariam
813 2521 851 2585 de
874 2521 990 2606 gratiis
1005 2519 1029 2585 ⁴.
1074 2518 1117 2584 Et
1139 2519 1172 2582 in
1196 2539 1249 2582 ea-

100 2628 170 2692 dem
193 2625 326 2692 ecclesia
356 2629 523 2692 coruscant
553 2627 702 2692 continue
723 2626 878 2692 miracula
907 2649 966 2710 per
992 2625 1251 2690 intercessionem

98 2733 189 2797 beate
213 2731 314 2796 Maris
328 2732 473 2816 virginis,
495 2732 534 2797 ad
558 2732 641 2817 quod
664 2732 892 2796 monasterium
912 2730 1127 2796 laboravimus
1141 2728 1251 2794 venire

663 2863 682 2898 ss·

168 2943 181 2997 l
202 2941 287 2996 Fabri
304 2941 352 3006 ΙΙΙ,
372 2941 423 2998 354
443 2941 570 2996 ervabnt
594 2939 754 3010 gleicbfalls
780 2939 842 2996 eine
868 2941 1038 3010 »tempestas
1058 2937 1249 2994 validissima·

97 3031 153 3085 und
172 3029 293 3098 beklagt
304 3027 356 3083 vie
369 3029 508 3094 Waltber,
526 3029 590 3084 dass
609 3028 648 3084 sie
667 3028 718 3084 das
731 3028 803 3084 boba
821 3029 876 3084 fest
894 3029 924 3082 in
944 3027 1041 3083 keiner
1053 3027 1150 3082 lrirche
1162 3025 1250 3081 feiern

96 3119 231 3176 konnten.
269 3117 401 3188 Zugleich
428 3117 510 3172 fubrt
537 3134 566 3172 ar
588 3117 692 3172 bittere
710 3116 796 3186 lrlage
824 3117 892 3172 uber
924 3116 979 3170 den
998 3116 1124 3171 »cometa
1142 3113 1249 3183 galeae,

97 3205 144 3275 qni
163 3208 207 3261 est
226 3204 389 3276 principalis
407 3205 441 3261 de
459 3205 708 3276 gubernatoribus,
729 3204 772 3258 vir
790 3204 889 3274 utique
911 3203 1067 3273 inquietus,
1088 3200 1250 3266 maledicus,

97 3292 279 3364 blasphemus
297 3295 326 3348 et
345 3293 450 3347 nullius
468 3293 532 3348 fidei
556 3309 606 3348 nac
625 3291 834 3348 eomeientiaea
871 3290 966 3346 Dieser
989 3307 1077 3346 mann
1095 3287 1152 3346 liess
1172 3293 1251 3344 narn-

97 3380 151 3435 lich
172 3380 277 3451 gaude
305 3398 350 3435 am
370 3379 624 3436 Weihnachtsleste
642 3397 696 3436 von
724 3379 818 3436 seinen
844 3381 940 3435 leuten
970 3379 1016 3434 die
1044 3377 1162 3434 meisten
1190 3377 1248 3432 und

99 3469 269 3524 rcbverswr
281 3467 408 3523 arbeiten
421 3468 586 3535 verriebten,
605 3485 635 3524 so
647 3468 711 3522 dass
729 3468 778 3522 des
791 3483 909 3522 renuens
932 3465 991 3522 und
1005 3465 1164 3530 schamem,
1183 3465 1251 3520 aber

98 3557 169 3612 auch
189 3555 237 3611 dea
255 3554 377 3610 fluchens
396 3554 452 3610 und
471 3555 681 3610 vervi'rnscbens
703 3554 769 3610 kain
787 3555 858 3609 ende
874 3570 942 3607 var.
1052 3553 1068 3606 2
1089 3552 1173 3606 Fabri
1192 3552 1250 3606 und

97 3646 156 3700 rein
174 3643 276 3700 t‘reuud
295 3641 437 3700 lohannes
453 3643 569 3698 barinus
587 3644 688 3697 thaten
706 3642 764 3696 dies
782 3643 834 3696 auf
850 3642 939 3696 ibrem
961 3637 1057 3695 schiffe
1075 3639 1180 3710 btufig.
1218 3641 1251 3694 Ει

96 3732 134 3788 ist
151 3732 212 3788 dies
232 3729 294 3786 eine
306 3732 479 3801 sogenannte
497 3731 582 3785 misse
600 3729 681 3784 arida
694 3729 738 3784 vel
757 3729 873 3794 torrida,
893 3727 960 3784 veil
981 3727 1026 3782 bei
1039 3727 1183 3784 derselben
1202 3727 1252 3782 der

97 3837 187 3876 canon
214 3819 294 3873 nicbt
321 3817 433 3888 gelesen
461 3817 517 3872 und
544 3815 589 3872 die
614 3815 803 3873 consecration
830 3816 909 3870 nieht
935 3831 1153 3884 vorgenommen
1172 3813 1251 3869 vird.

101 3907 227 3963 Naberee
244 3905 290 3962 bei
308 3905 392 3961 Fabri
411 3907 432 3971 l,
452 3905 502 3960 128
519 3905 539 3962 f.
645 3909 661 3961 3
682 3905 738 3960 Aul
755 3904 803 3959 der
823 3905 894 3960 insel
914 3904 1055 3961 Corauola.
1138 3909 1155 3957 4
1176 3903 1252 3958 Auch

98 3994 185 4052 Santo
199 3994 322 4049 Breseba
341 3994 468 4050 ervtbnt
481 3993 569 4049 dieses
581 3993 689 4049 kloster
707 3992 764 4047 und
777 3993 893 4054 erabblt
912 3993 977 4048 dass
996 4009 1026 4047 er
1044 3991 1074 4047 in
1090 3989 1250 4046 demselben

98 4083 178 4138 einen
198 4082 310 4148 braden,
329 4082 375 4136 fra
388 4082 472 4138 Paulo
492 4081 530 4136 da
543 4081 679 4146 Stridone,
701 4081 837 4151 getroffen
857 4082 938 4146 habe,
957 4082 1075 4136 valeber
1094 4079 1179 4147 lange
1197 4077 1254 4132 aeit

102 4169 130 4225 in
149 4170 299 4226 Palaistine
326 4169 421 4240 gelebt
448 4168 505 4223 und
533 4169 594 4224 eine
621 4169 703 4224 barte
730 4168 818 4224 dieses
837 4169 935 4224 landes
954 4167 1036 4224 sovie
1057 4163 1252 4222 verschiedens

100 4259 294 4328 reicbnnngsn
308 4257 375 4312 fiber
389 4257 514 4314 desselba
527 4257 677 4328 verfertigt
690 4257 769 4314 habe.
799 4257 912 4314 Schefer
921 4255 1045 4312 XXXIV.
1076 4253 1155 4308 Aucb
1167 4251 1253 4306 Fabri

100 4346 206 4416 spricht
235 4345 266 4399 in
296 4345 386 4401 sainer
411 4343 655 4401 reiseinstruktion
672 4361 726 4401 von
754 4345 858 4400 diesem
877 4347 996 4408 kloster,
1025 4342 1075 4397 das
1102 4358 1132 4396 er
1153 4354 1253 4394 »unser

97 4433 224 4490 frauven
246 4431 422 4503 genaidsnn«
442 4430 530 4488 heillt.
568 4431 653 4486 ltebr.
673 4433 783 4490 Maisan.
802 4431 835 4488 D.
854 4433 924 4503 pilg.
943 4431 1004 4486 133.

162 4539 328 4584 rammam
1054 4519 1094 4585 17
