3062 4938
657 332 698 396 73

116 500 226 584 pletum
250 508 299 568 est
325 504 530 588 proverbium
554 506 654 572 istud:
689 505 840 583 »Quando
869 507 1005 572 rustieue
1036 509 1251 588 sitdominus,

117 609 184 672 tune
205 607 342 676 affinitur
364 612 575 676 communiter
597 633 695 698 peyor
718 612 790 678 aliis
813 612 1008 680 domiuis‹.¹

192 711 285 780 Mane
314 715 399 781 facto
431 717 464 781 in
494 717 652 784 dominica
683 722 714 782 et
740 719 780 782 16
803 718 854 784 die
877 719 994 783 mensis
1015 718 1106 784 Junii
1130 723 1161 784 et
1184 741 1251 783 era·

115 818 190 883 stiuo
214 817 283 884 Viti
308 825 340 886 et
364 819 500 887 Modesti
522 823 555 886 iu
579 843 694 888 aurora
718 827 887 887 traxerunt
910 824 1080 904 anchoras,
1105 830 1138 890 et
1161 824 1250 889 navi-

114 923 249 1006 gavimus
284 925 324 990 ad
360 925 464 991 altum
495 950 592 992 mare.
646 926 737 993 Tune
774 928 919 1012 permisit
956 929 1031 994 deus
1064 951 1159 1014 super
1194 951 1252 994 nos

116 1027 184 1092 duaa
204 1030 296 1096 valde
330 1052 464 1116 magnas
495 1033 640 1098 fortunas
673 1035 705 1097 et
738 1038 963 1117 tempestates,
998 1039 1030 1099 et
1062 1057 1186 1099 eramus
1218 1035 1251 1098 in

113 1135 229 1218 magnis
264 1137 434 1219 perieulis,
466 1143 499 1202 et
526 1138 622 1203 multi
645 1139 806 1224 peregrini
837 1139 914 1204 faeti
937 1139 1075 1220 infirmi,
1108 1145 1139 1204 et
1162 1139 1252 1204 navi·

112 1238 245 1322 gerimus
270 1241 346 1306 hine
378 1242 452 1307 inde
474 1264 569 1327 super
605 1265 692 1309 mare
724 1248 756 1308 et
789 1265 853 1308 nou
885 1248 1069 1327 poteramus
1091 1244 1253 1328 applicare

113 1343 146 1406 ad
166 1344 307 1430 aliquem
330 1353 469 1431 portum.
515 1347 704 1414 'laedebant
726 1370 850 1432 semper
873 1349 921 1414 ire
943 1350 982 1414 ad
1006 1348 1114 1414 Sanam
1139 1350 1251 1414 eivita-

112 1452 186 1526 tern,
218 1472 281 1534 que
316 1451 414 1518 distat
437 1475 457 1518 a
482 1453 559 1519 Bola
581 1459 708 1519 eentum
740 1461 773 1519 et
795 1455 913 1538 viginti
937 1454 1092 1534 miliaria,
1127 1461 1252 1519 etcum

114 1553 189 1618 hono
211 1559 311 1621 vento
333 1563 467 1640 possunt
490 1559 559 1623 fieri
589 1559 622 1624 iu
645 1581 710 1624 una
730 1560 781 1624 die
805 1565 836 1626 et
859 1567 963 1626 noete.
1010 1559 1076 1626 Nos
1098 1581 1172 1625 vero
1195 1580 1253 1643 per

112 1665 241 1743 quotuor
267 1662 410 1747 integros
433 1664 498 1729 dies
521 1669 553 1729 et
569 1669 677 1730 noetes
701 1666 747 1750 [p.
763 1665 820 1749 43]
842 1666 896 1730 vix
911 1666 1056 1731 venimus
1078 1666 1112 1730 in
1135 1668 1252 1750 quarta

112 1764 187 1830 laria
209 1769 248 1832 de
272 1789 343 1833 aero
367 1769 423 1851 [19
445 1767 541 1856 Juui]
566 1770 604 1834 ad
628 1769 749 1848 Seram,
773 1791 834 1855 que
857 1771 956 1835 distat
980 1793 999 1835 a
1021 1769 1166 1836 Venetiis
1189 1769 1253 1834 250

109 1871 243 1937 miliaria
269 1877 301 1936 et
324 1873 405 1938 iacet
427 1873 460 1938 in
485 1873 647 1940 Dalmatia
669 1879 702 1938 et
724 1896 809 1940 nune
832 1875 950 1940 attinet
972 1873 1139 1954 Venetiis3
1175 1873 1253 1938 olim

109 1980 172 2041 erat
194 1977 282 2062 regis
297 1974 440 2062 ngarie
456 1976 478 2043 ².
524 1975 561 2044 In
586 1980 692 2044 eadem
716 1980 846 2045 civitate
868 1984 916 2044 est
933 1980 1160 2044 monasterium
1184 1977 1252 2043 fra·

109 2085 188 2146 imm
212 2083 377 2147 minorum
400 2084 437 2148 de
460 2084 681 2162 observantia;
712 2085 758 2150 ibi
780 2085 980 2164 intravimus,
1005 2089 1037 2150 et
1059 2085 1150 2149 valde
1173 2084 1254 2148 eari-

110 2187 203 2252 lative
226 2207 287 2251 nos
303 2191 506 2271 receperuut;
530 2188 586 2252 alii
602 2189 763 2273 peregrini
786 2189 860 2254 hino
883 2189 957 2254 iude
979 2189 1169 2254 incivitate.
1216 2188 1254 2253 In

110 2287 183 2355 Sera
205 2291 340 2358 civitate
363 2297 438 2356 sunt
462 2292 561 2358 multe
585 2298 617 2356 et
639 2293 797 2358 notabiles
820 2294 955 2379 reliquie
978 2299 1169 2360 sanatorum.
1215 2293 1254 2357 In

109 2415 228 2462 summa
265 2397 395 2462 ecelesia
429 2397 598 2483 requiescit
620 2397 782 2481 integrum
807 2419 922 2482 eorpus
954 2399 1058 2464 saneti
1080 2397 1254 2484 Symeouis‚

107 2503 158 2586 qui
180 2503 301 2586 dignus
324 2501 387 2567 fuit
402 2503 563 2590 dominnm
587 2509 731 2567 nostrum
751 2501 876 2568 lhesum
893 2502 1057 2568 Christum
1082 2503 1256 2588 intemplo

109 2606 325 2673 lherosolimis
341 2608 500 2690 suscipere
524 2610 555 2672 et
571 2611 700 2690 portare
723 2608 755 2671 in
778 2607 863 2672 ulnis
886 2609 961 2686 auis,
987 2609 1256 2692 prophetavitque

109 2735 203 2796 puero
228 2716 263 2778 et
284 2713 382 2778 matri
405 2713 471 2776 eius
494 2717 526 2778 et
548 2712 674 2776 demum
696 2711 775 2778 feeit
797 2712 978 2777 cautinum:
1004 2711 1100 2778 Nune
1122 2713 1257 2778 dimittis

108 2825 163 2883 ete.
210 2817 309 2882 Hune
331 2820 475 2882 sanetum
499 2817 647 2882 uiderunt
673 2837 781 2882 omues
803 2816 988 2900 peregrini,
1025 2821 1056 2882 et
1080 2839 1139 2902 ego
1163 2819 1257 2901 tetigi

105 2945 175 2990 eum
198 2922 280 2989 meis
295 2922 357 2987 heu
373 2922 515 3006 indignis
530 2926 561 2987 et
577 2921 669 2986 nudis
686 2921 834 2986 manibus
857 2925 889 2986 et
910 2943 982 2986 oum
998 2919 1093 2987 Pater
1112 2930 1220 2987 noster
1233 2923 1256 2987 ⁸.

106 3027 210 3095 Etiam
248 3030 282 3093 in
307 3027 413 3093 eadem
439 3027 568 3092 ciuitate
600 3031 649 3092 est
680 3031 777 3110 eaput
799 3026 901 3090 saneti
925 3025 1056 3111 Georgii
1080 3028 1221 3092 martiris
1234 3027 1256 3108 ⁴,

674 3177 693 3214 h*

175 3277 188 3331 l
210 3275 262 3330 Die
282 3273 422 3328 namliehe
440 3273 596 3342 eraihlung
613 3273 666 3326 hat
684 3271 769 3327 Fabri
787 3270 835 3335 lll,
854 3271 907 3326 378
926 3270 983 3324 und
1002 3270 1082 3340 giebt
1101 3269 1144 3324 als
1164 3269 1257 3339 quelle

104 3363 149 3419 die
167 3361 302 3420 ehronioa
319 3361 473 3416 Hermsuui
493 3375 537 3414 an.
618 3358 634 3412 2
653 3357 767 3420 'l'ueher¹
788 3356 980 3413 Breidenbeeh
1000 3357 1057 3412 nnd
1076 3357 1121 3412 die
1139 3358 1258 3412 meisteu

103 3451 196 3523 pilger
215 3451 311 3506 lassen
339 3449 383 3504 die
401 3447 481 3502 stadt
507 3446 537 3502 in
555 3446 706 3502 Slavonien
725 3445 832 3514 hegen,
862 3445 963 3502 ehenso
982 3444 1113 3500 Walther
1141 3447 1192 3501 auf
1208 3447 1258 3502 der

105 3539 254 3596 ruekreise.
291 3537 381 3594 Ghist.
394 3537 429 3592 49
447 3537 510 3592 hiilt
522 3535 685 3590 Delmatien
704 3536 750 3588 fiir
763 3534 825 3590 eine
839 3533 955 3604 provinz
969 3534 1143 3599 Slaroniens,
1164 3535 1258 3592 Rieter

107 3627 138 3682 ll
158 3627 226 3682 teilt
238 3625 391 3682 Slavonien
411 3625 472 3680 dem
486 3623 665 3694 konigreiehe
679 3623 814 3680 Kroatien
834 3641 875 3678 su.
914 3623 964 3678 Die
983 3622 1062 3678 stadt
1080 3623 1152 3678 Zara
1163 3625 1259 3680 warde

106 3713 145 3768 im
161 3715 246 3785 iahre
265 3714 334 3769 1409
346 3731 402 3769 von
421 3713 475 3768 deu
489 3711 677 3768 Venetianern
695 3711 759 3767 dem
772 3711 859 3781 hduig
873 3729 929 3767 von
946 3709 1062 3782 Ungarn
1080 3729 1127 3766 um
1150 3711 1258 3768 100000

107 3801 229 3859 dneeten
246 3801 412 3872 abgehauit.
447 3800 559 3856 Senator
578 3801 619 3858 31.
727 3797 816 3856 3Der
835 3799 892 3855 leib
911 3799 1000 3854 dieses
1019 3799 1143 3871 heiligen
1162 3800 1259 3869 legin

108 3889 199 3946 ciuem
217 3890 373 3946 hosthareu
391 3905 480 3956 sarge,
499 3888 575 3944 einer
593 3887 745 3952 silherneu,
763 3905 825 3942 aum
845 3887 896 3943 teil
917 3887 1099 3958 vergoldeten
1120 3886 1191 3950 lade,
1212 3887 1258 3941 die

105 3977 140 4032 28
147 3977 200 4034 000
217 3977 341 4034 dueaten
359 3975 488 4047 gehostet
505 3977 598 4032 heheu
616 3977 678 4033 soll.
714 3975 855 4031 Geisheim
874 3976 918 4031 00.
1048 3977 1064 4028 4
1083 3973 1163 4028 Naoh
1183 3973 1259 4029 einer

108 4081 146 4119 an
169 4065 264 4120 diesen
282 4065 384 4120 husten
404 4063 591 4121 verbreiteten
611 4063 743 4134 legende,
769 4063 872 4120 welehe
891 4063 1000 4118 Farlati
1019 4061 1049 4115 in
1068 4061 1172 4116 seinana
1193 4059 1258 4130 llly-

107 4151 196 4207 rienm
212 4169 324 4208 eaerum
336 4151 495 4222 verteidigt,
513 4155 587 4206 utre
599 4149 670 4206 Zara
689 4147 735 4205 die
746 4149 940 4219 gebnrtsetadt
959 4150 1006 4204 dee
1025 4149 1064 4202 hl.
1077 4147 1176 4217 Georg,
1196 4149 1256 4203 uud

108 4239 189 4296 hatte
206 4240 257 4296 der
274 4239 375 4310 hampi
390 4240 444 4294 mit
461 4239 525 4295 dem
547 4237 670 4294 draehen
688 4237 733 4294 bei
746 4237 849 4295 Salona
868 4235 1092 4308 stattgeiunden.
1129 4234 1182 4288 Um
1203 4235 1257 4292 den

110 4327 298 4399 nidersprnoh
309 4326 398 4382 dieser
411 4325 529 4397 legende
541 4325 594 4380 mit
612 4325 661 4382 der
678 4324 709 4380 in
721 4324 821 4395 Syrien
835 4325 892 4381 und
907 4321 1055 4379 Paluatinas
1067 4321 1258 4379 verbreiteten

112 4431 147 4469 su
163 4413 320 4485 beseitigen
338 4413 441 4470 nimmt
458 4413 567 4468 Farlati
587 4413 653 4484 zuei
672 4413 710 4468 hl.
729 4413 821 4484 Georg
839 4429 885 4467 an.
921 4409 1062 4466 Geieheim
1082 4411 1116 4464 70
1133 4409 1153 4463 f.
