3054 4944
802 319 867 386 264

261 501 495 568 conditiones¹:
529 499 571 565 Et
593 501 710 566 iterum
733 500 779 565 ibi
803 501 964 582 resumpta
987 497 1159 564 refectione
1182 497 1252 580 ipsa
1273 496 1325 560 die
1348 495 1407 561 ivi·

261 628 331 672 mus
353 627 450 692 usque
473 607 511 671 ad
528 604 690 672 Fuliuium
706 607 878 682 civitatem,
903 609 934 668 et
955 603 1045 668 iuxta
1067 603 1228 668 civitatem
1251 601 1285 673 iu
1301 605 1411 666 monte

260 717 292 777 et
314 711 347 776 in
362 710 487 775 albusto
508 715 556 775 001
571 711 659 776 locus
673 710 820 789 fratrum,
844 730 938 795 quarn
952 709 1152 788 intravimus,
1176 712 1208 772 et
1222 706 1406 791 appellatur

260 818 299 882 ad
322 821 468 881 sanctum
483 812 506 895 ⁹,
530 819 562 880 et
584 815 699 882 fratres
722 819 909 900 receperunt
938 835 995 878 nos
1018 815 1208 879 reverenter.
1254 811 1296 876 Et
1319 833 1411 876 mane

262 923 297 1006 [6
321 921 428 1003 Febr]
451 920 567 985 iterum
592 925 719 1005 recepta
742 919 914 986 refectione
937 917 1133 1001 arripuimus
1150 918 1243 997 viam,
1266 917 1410 981 venimus

260 1029 300 1093 ad
321 1027 425 1092 locum
449 1026 538 1090 iuxta
560 1025 734 1110 Spoletum.
780 1025 830 1090 Ibi
853 1023 1108 1108 pernoctavimus
1142 1045 1212 1088 cum
1243 1023 1410 1100 fratribus,

262 1137 293 1198 01
316 1153 408 1196 mana
437 1112 469 1218 [7
495 1129 601 1216 Febr.]
634 1132 808 1198 refectione
838 1133 965 1214 sumpta
997 1129 1192 1194 ascendimus
1222 1132 1347 1194 montes
1379 1133 1411 1192 et

263 1258 332 1302 sero
346 1237 547 1321 pervenimus
570 1238 609 1302 ad
624 1237 729 1302 locum
744 1237 881 1302 fratrum
903 1237 993 1300 iuxta
1007 1232 1169 1300 civitatem
1186 1232 1216 1298 N
1218 1253 1410 1297 arneensem.

262 1341 343 1406 Item
367 1341 405 1405 de
421 1340 549 1406 Narneo
574 1343 607 1427 [8
625 1341 732 1426 Febr]
756 1343 794 1407 ad
818 1347 958 1408 sanctam
976 1341 1153 1406 Susannam
1168 1337 1191 1417 ³,
1215 1339 1270 1404 ubi
1292 1340 1411 1402 iterum

261 1447 528 1532 pernoctavimus.
574 1447 616 1512 Et
650 1448 688 1512 de
721 1469 812 1512 mane
837 1445 1001 1531 [11001]
1034 1444 1206 1511 refectione
1236 1443 1322 1510 facta
1351 1443 1411 1508 ivi-

263 1572 332 1616 mus
354 1573 453 1636 usque
475 1552 514 1616 ad
536 1551 714 1618 Taburnum
730 1549 753 1632 ⁸,
786 1575 847 1638 que
870 1552 968 1617 distat
998 1554 1070 1616 octo
1093 1549 1230 1615 miliaria
1258 1550 1297 1614 ab
1322 1548 1410 1614 urbe.

263 1654 305 1720 Et
320 1677 411 1720 mane
435 1655 490 1740 [10
507 1655 612 1740 Febr]
629 1657 818 1722 intravimus
835 1655 967 1720 Romam
983 1653 1007 1735 ⁴,
1031 1659 1063 1720 et
1084 1655 1276 1739 presentatio
1293 1653 1413 1718 litteris

263 1765 294 1826 et
310 1761 461 1844 expositis
476 1762 614 1847 negotiis
629 1767 736 1846 patras
753 1763 992 1826 declaraverunt
1008 1783 1057 1826 me
1072 1759 1290 1843 irregularem.
1338 1757 1408 1842 Ego

263 1887 337 1930 vero
368 1867 520 1949 proposui
551 1887 657 1931 casum
689 1866 723 1930 in
755 1865 857 1930 forma
891 1871 924 1930 01
957 1866 1056 1949 petivi
1080 1864 1322 1932 absolutionem.
1370 1861 1414 1927 ldt

263 1971 426 2056 respondit
449 1970 528 2034 mihi
544 1972 778 2036 commissarius
800 1971 959 2055 generalis
973 1969 997 2049 ⁶,
1019 1971 1086 2054 ipse
1109 1992 1172 2035 non
1196 1970 1330 2035 haberet
1354 1988 1412 2052 po·

262 2080 429 2155 testatem,
461 2081 493 2139 et
514 2097 599 2160 papa
620 2076 739 2144 faceret
761 2076 986 2141 difficultatem
1008 2081 1120 2141 contre
1142 2076 1274 2154 fratres,
1305 2078 1338 2138 et
1367 2074 1415 2140 sic

265 2183 341 2247 steti
363 2203 533 2266 suspensus
556 2203 657 2268 usque
687 2183 726 2248 ad
751 2186 899 2248 octavum
929 2183 1020 2246 diem.
1068 2180 1105 2246 ln
1140 2181 1246 2245 eadem
1271 2179 1415 2244 laboravi

263 2310 320 2373 per
341 2287 480 2352 medium
503 2285 663 2352 cuiusdam
687 2288 824 2354 doctoris
853 2289 891 2352 de
914 2287 1149 2370 memmingen,
1179 2286 1267 2351 cuius
1297 2307 1415 2350 nomen

263 2399 311 2459 est
333 2393 479 2457 dominus
499 2391 662 2457 lohannes
685 2391 904 2474 Weschbach‚
936 2393 991 2478 qui
1021 2393 1141 2477 recepit
1171 2395 1314 2456 nostram
1336 2391 1415 2456 obe-

263 2498 425 2578 dientiam,
448 2501 480 2561 et
502 2499 698 2581 presentavit
720 2520 788 2562 eam
804 2499 958 2564 cardinali
980 2499 1019 2563 ad
1034 2497 1172 2562 Vincula
1193 2496 1295 2561 sancti
1312 2495 1413 2576 Petri,

264 2604 391 2670 domino
413 2602 552 2682 tuliano,
576 2604 749 2687 protectori
773 2604 893 2669 ordinis
916 2605 1017 2669 nostri
1033 2604 1055 2668 ⁰.
1104 2603 1165 2680 Qui
1188 2622 1259 2666 cum
1282 2601 1415 2666 vidisset

264 2731 343 2789 eam,
366 2709 490 2773 vocavit
512 2730 578 2784 me,
604 2709 692 2774 etin
715 2710 876 2792 presentia
897 2731 952 2775 sue
975 2709 1143 2792 dignitatis
1167 2708 1232 2773 dixi
1257 2707 1351 2790 plura
1374 2708 1414 2772 de

265 2820 351 2880 terra
372 2817 481 2878 sancta
504 2819 535 2878 et
558 2815 595 2878 de
619 2813 834 2894 Machometo,
870 2820 902 2878 et
925 2815 1018 2879 dictis
1040 2813 1185 2898 pluribus
1207 2813 1291 2878 idem
1314 2813 1414 2878 dixit:

268 2920 370 3000 »Quid
386 2919 525 2985 vultis&
551 2917 619 3005 Ego
639 2921 781 2986 aiebam:
808 2921 1098 2986 »Reverendiseime
1121 2941 1158 2986 ac
1172 2921 1413 3006 generosissime

254 3027 405 3094 domine!
429 3025 498 3109 Ego
520 3046 591 3090 snm
613 3026 810 3112 irregularis,
835 3027 909 3112 quia
932 3027 980 3092 fui
1002 3023 1145 3092 Venetiis
1168 3030 1200 3090 01
1222 3024 1412 3092 celebravi«.

265 3133 336 3217 Ipse
360 3131 404 3217 [p.
429 3129 503 3215 122]
526 3152 601 3196 vero
624 3131 720 3196 dixit:
747 3130 928 3208 >Quomodo
952 3136 1000 3196 est
1022 3131 1183 3196 faetent«
1233 3129 1302 3215 Ego
1323 3131 1415 3195 flexis

265 3237 399 3320 genibus
422 3235 553 3300 recitavi
575 3235 636 3300 sibi
659 3257 767 3301 casum
789 3237 822 3301 in
845 3236 957 3317 forme,
983 3259 1044 3322 que
1065 3237 1212 3321 sequitur
1236 3240 1268 3300 et
1290 3240 1338 3300 est
1361 3239 1412 3299 ta·
1512 3235 1513 3270 l

265 3343 320 3406 lis:
346 3339 462 3408 »Venit
484 3363 593 3407 rumor
616 3341 655 3406 ad
677 3364 737 3422 me,
761 3342 845 3427 quod
863 3341 977 3408 Veneti
1001 3345 1106 3408 essent
1130 3341 1413 3420 excommunicati;

830 3452 849 3486 p
1224 3461 1228 3470 .

336 3534 350 3588 1
389 3532 538 3588 Vicllaicht
557 3529 684 3599 (loliano,
702 3533 747 3588 cin
766 3533 880 3600 kloster,
898 3534 949 3589 das
969 3535 1036 3590 1215
1051 3552 1114 3590 vom
1133 3534 1171 3591 hl.
1184 3531 1348 3588 Franciseue
1368 3549 1413 3604 ge·

265 3621 386 3694 grundet
404 3621 463 3676 sein
482 3621 534 3678 soll
553 3621 610 3675 und
629 3621 731 3677 mitten
754 3622 794 3676 im
813 3621 904 3678 vvalde
923 3623 981 3693 lag.
1052 3623 1068 3677 2
1089 3622 1169 3677 Nach
1188 3623 1320 3676 sanctum
1339 3621 1414 3690 folgt

264 3711 310 3766 ein
330 3709 363 3764 18
382 3727 439 3763 mm
456 3709 556 3779 langor
575 3712 660 3765 100101
679 3729 766 3768 raum.
803 3711 910 3767 Patron
926 3710 974 3767 des
992 3711 1112 3768 klostere
1129 3729 1187 3766 war
1205 3710 1254 3767 der
1275 3709 1414 3767 11111100-

265 3798 359 3854 circus.
396 3796 446 3852 Die
461 3797 566 3852 letaten
581 3799 820 3870 laumerkuugen
836 3799 909 3854 nach
926 3801 1044 3870 guugan
1054 3799 1255 3868 mitteilungeu
1273 3798 1320 3853 des
1330 3798 1415 3854 herrn

265 3886 295 3941 P.
314 3884 463 3940 1111110110
481 3883 635 3948 Quaracchi
654 3885 699 3942 bei
717 3887 840 3944 Florena.
947 3888 995 3945 31
1083 3890 1100 3944 4
1120 3887 1212 3957 Georg
1231 3887 1282 3942 458
1301 3886 1413 3941 machte

266 3973 321 4029 den
339 3973 497 4028 ntmlichcn
523 3990 585 4044 vvag
608 3992 663 4032 von
682 3975 753 4033 Rom
771 3977 844 4032 nach
868 3975 976 4033 loreto.
1082 3980 1097 4030 5
1126 3975 1338 4032 commissarius
1357 3990 1414 4028 vvar

266 4061 376 4116 damals
394 4060 428 4114 fr.
442 4059 555 4114 Natalis
573 4061 608 4117 de
626 4063 767 4128 Pomerat,
789 4064 839 4120 der
858 4067 953 4135 apator
972 4065 1018 4120 »in
1036 4064 1126 4122 officio
1144 4062 1367 4134 provincialatue
1385 4060 1414 4114 in

265 4147 424 4203 Brittania«
445 4149 532 4204 starb.
567 4149 650 4206 Anal.
668 4151 766 4207 Frena
785 4153 820 4218 11,
839 4152 891 4208 488
909 4171 936 4210 u.
956 4153 1016 4209 503.
1123 4153 1139 4207 6
1158 4149 1289 4208 Julianus
1309 4149 1344 4204 da
1363 4148 1415 4204 Ro·

267 4252 339 4300 vere,
359 4235 430 4291 neffe
449 4235 497 4292 des
514 4239 629 4308 papstas
647 4236 742 4293 Sixtus
761 4239 809 4304 lV,
828 4255 885 4293 var
907 4241 973 4295 1471
993 4239 1036 4293 110
1057 4238 1124 4295 1503
1142 4239 1283 4309 protector
1306 4235 1354 4290 des
1372 4253 1414 4291 or·

266 4323 342 4378 dene.
378 4323 592 4395 lmjahre1503
611 4325 718 4397 beetieg
735 4343 765 4382 01
784 4327 826 4382 010
838 4327 929 4382 Julius
943 4327 970 4382 ll
988 4327 1041 4382 den
1060 4325 1235 4397 pttpstlichen
1254 4323 1333 4379 stuhl
1352 4321 1408 4378 und

266 4409 345 4464 starb
366 4411 441 4468 1513.
476 4412 578 4471 Wadd.
598 4418 670 4471 Ann.
688 4414 762 4482 XIV,
781 4417 823 4472 91.
