3054 4942
793 345 857 409 236

254 523 401 586 dubitare
434 523 468 586 in
491 521 553 586 fide
582 525 614 585 et
641 522 726 584 secta
749 541 868 584 eorum.
915 517 1088 585 Audientes
1122 525 1154 584 et
1184 515 1405 602 intelligentes

253 627 431 692 sacerdotes
454 631 487 691 et
510 627 653 691 doctores
676 647 795 702 eorum,
819 626 958 690 surrexit
981 647 1063 691 unns
1079 627 1190 691 doctor
1211 625 1297 688 inter
1319 622 1405 705 ipsos

253 733 355 815 magis
378 732 533 809 famosus,
558 731 644 794 filius
660 728 781 806 Belial,
806 729 918 812 plenus
940 731 1028 794 omni
1051 731 1239 815 iniquitate,
1272 737 1405 811 congre*

253 858 332 920 gans
355 838 387 900 in
406 837 549 921 Alkayro
573 857 682 919 regem
707 839 739 899 et
760 836 895 900 maiores
918 837 1031 919 populi
1054 842 1086 901 et
1108 858 1234 901 omnem
1249 833 1406 918 populum
1450 846 1454 851 '

253 942 404 1020 civitatis,
428 943 633 1026 inquantum
655 942 771 1024 potuit,
796 946 828 1005 et
853 942 1023 1006 ascendens
1039 942 1221 1008 cathedram
1236 937 1405 1004 seminarit

253 1069 357 1112 semen
381 1047 503 1111 inimici
527 1051 559 1111 et
581 1047 683 1112 omnis
707 1047 889 1132 iniquitatis
914 1053 945 1110 et
968 1047 1169 1131 perditionis,
1192 1045 1333 1112 clamans
1356 1042 1402 1106 la·

253 1152 487 1217 mentabiliter:
512 1151 651 1217 »Audite
666 1151 780 1236 populi
795 1151 881 1216 beati
899 1151 1092 1217 Machometi
1106 1151 1264 1237 prophete
1287 1147 1404 1214 nostri!

253 1256 338 1320 Deus
360 1263 493 1341 propter
515 1263 625 1323 nostra
648 1261 779 1340 peccata
794 1257 896 1322 voluit
918 1279 976 1322 nos
998 1279 1106 1323 omnes
1129 1260 1167 1324 de
1189 1263 1276 1322 terra
1290 1254 1404 1332 delere,

253 1362 320 1445 ipse
342 1383 418 1426 vero
440 1363 621 1428 intercessit
644 1363 710 1426 suis
735 1362 884 1446 precibus
906 1383 965 1445 pro
988 1363 1079 1428 nobis
1102 1383 1218 1448 rogans
1241 1362 1344 1438 deum,
1367 1363 1405 1422 nt

252 1467 310 1531 illa
333 1467 428 1550 plaga
451 1469 653 1532 descenderet
675 1489 770 1551 super
792 1487 906 1550 corpus
929 1489 1031 1544 suum,
1054 1473 1088 1532 et
1102 1469 1301 1550 demergeret
1324 1463 1404 1528 illud

252 1573 285 1636 in
309 1572 504 1656 profundum
526 1578 627 1653 terre,
660 1578 693 1638 et
720 1577 866 1656 parceret
887 1573 997 1651 nobis,
1030 1575 1114 1658 quod
1135 1573 1181 1638 sic
1203 1571 1324 1636 factum
1347 1571 1404 1646 est,

252 1678 336 1741 sicut
351 1677 476 1743 videtis.
522 1677 664 1745 Laudate
687 1700 764 1762 ergo
791 1680 883 1744 deum
907 1683 939 1743 et
955 1679 1109 1744 honorate
1125 1679 1260 1742 maxime
1276 1675 1404 1740 Macho-

253 1787 382 1862 metum,
408 1785 462 1868 qui
485 1803 544 1848 sna
565 1785 686 1868 pietate
702 1783 822 1866 recepit
846 1782 927 1848 hanc
942 1783 1190 1867 plagam'super
1211 1804 1244 1846 se
1267 1787 1300 1844 et
1323 1779 1403 1843 libe-

254 1888 339 1951 ravit
361 1909 427 1955 nos.
476 1890 680 1974 Quapropter
702 1891 817 1968 iuvate,
841 1892 878 1953 ut
900 1889 1100 1953 reedificetur
1122 1911 1214 1954 suum
1235 1885 1404 1969 templum,

254 1995 286 2056 et
308 2015 371 2058 non
394 1994 548 2059 dubitetis
570 1995 604 2059 in
628 1995 688 2059 fide
705 1999 843 2059 nostra«
891 1995 933 2059 nt
955 1997 1000 2059 sic
1020 2000 1125 2060 totum
1141 1993 1268 2058 reduxit
1289 1991 1328 2055 ad
1353 2013 1403 2054 er·

252 2119 357 2163 rorem
379 2103 412 2163 et
434 2099 627 2164 confortavit
657 2100 800 2165 insecta
831 2107 864 2164 et
887 2099 990 2164 heresi
1024 2121 1151 2176 eornm;
1182 2102 1215 2163 et
1236 2097 1405 2163 ambulent

252 2206 288 2268 ut
309 2205 398 2287 prius
427 2207 494 2270 vias
529 2206 710 2291 iniquitatis
734 2209 766 2270 et
789 2211 898 2269 eterne
921 2205 1165 2288 dampnationis.
1211 2203 1253 2267 Er
1276 2203 1404 2267 demum

251 2329 334 2372 anno
359 2309 443 2375 1483
466 2313 654 2396 inceperunt
676 2312 794 2376 iterum
817 2310 963 2376 edificare
977 2313 998 2374 ¹.
1045 2310 1127 2375 Item
1158 2311 1191 2374 in
1221 2309 1271 2374 die
1300 2309 1404 2372 sancti

252 2409 336 2476 Luce
359 2415 578 2499 ewangeliste,
610 2437 671 2501 que
702 2421 771 2480 erat
802 2417 934 2480 sabbato
959 2413 1013 2502 [18
1037 2413 1143 2502 Oct.],
1165 2415 1253 2480 venit
1285 2414 1324 2478 ad
1354 2435 1404 2476 me

252 2517 413 2600 predictus
429 2519 604 2585 Alamanus
620 2522 808 2605 abnegatos,
833 2522 1020 2586 manulucus
1035 2524 1073 2587 de
1090 2521 1215 2587 Basilea
1238 2523 1271 2584 et
1286 2541 1403 2604 genere

252 2621 378 2705 Sefogel
412 2629 522 2704 natus,
556 2626 699 2691 dolorosa
722 2627 975 2711 conquerebatur
1008 2629 1046 2692 de
1077 2648 1134 2692 suo
1156 2626 1292 2709 pessimo
1315 2628 1403 2688 statu

253 2729 482 2814 abnegationis.
529 2731 669 2796 Audiens
697 2732 912 2814 compatiebar
934 2733 1037 2796 anime
1061 2753 1116 2796 sue
1139 2733 1325 2816 correxique
1348 2751 1400 2795 ca·

251 2833 396 2914 ritative,
427 2858 586 2921 exponens
608 2837 669 2901 sibi
692 2837 865 2902 maximum
889 2838 1067 2920 periculum
1090 2838 1265 2902 imminere.
1312 2833 1403 2900 Tunc

251 2939 399 3022 apperuit
421 2942 501 3006 mihi
525 2943 662 3026 amplius
686 2963 855 3007 corsuum
878 2943 1001 3008 dicens:
1028 2942 1183 3008 »Domine
1205 2942 1250 3007 mi
1273 2942 1402 3006 dilecte!

251 3042 284 3108 Si
307 3045 405 3110 vultis
433 3053 551 3129 tacere,
576 3049 679 3113 dicam
701 3049 789 3112 vobis
813 3071 883 3112 mea
905 3053 1057 3113 secreta«.
1105 3048 1250 3113 Aiebam:
1289 3045 1403 3112 »Certa

251 3151 394 3216 tacebo«.
440 3151 612 3218 Subiunxit
635 3157 708 3238 post
728 3154 850 3218 multa:
876 3152 994 3237 »Spero
1017 3175 1068 3219 me
1091 3156 1148 3220 deo
1164 3154 1334 3218 adiuvante
1356 3155 1403 3217 ita

251 3253 345 3318 citius
368 3278 434 3320 esse
456 3257 601 3322 Venetiis
624 3260 707 3324 sieut
731 3281 796 3324 vos.
845 3258 934 3343 Rogo
958 3281 1028 3324 vos:
1052 3261 1134 3324 detis
1157 3281 1289 3343 parvam
1311 3260 1399 3324 litte·

251 3379 319 3420 ram
350 3361 388 3424 ad
410 3365 624 3429 venerandum
653 3371 779 3448 patrem
802 3366 991 3449 gardianum
1014 3367 1132 3430 montis
1155 3363 1240 3450 Syon
1270 3364 1304 3428 in
1328 3363 1400 3428 lhe-

251 3464 398 3544 rusalem,
435 3471 470 3531 ut
493 3492 543 3534 me
566 3472 702 3536 adiuvet.
748 3470 805 3535 Ibo
829 3472 912 3534 enim
937 3493 1005 3535 cras
1028 3493 1099 3536 cum
1121 3469 1282 3555 aliquibus
1306 3470 1401 3534 etiam

251 3568 322 3632 aliis
338 3571 504 3656 abnegatis
526 3577 585 3640 sub
609 3577 713 3660 specie
729 3577 996 3660 peregrinationis
1019 3577 1057 3642 ad
1079 3575 1283 3652 Iberusalem,
1307 3579 1340 3639 et
1363 3575 1401 3639 ad

250 3674 332 3740 banc
348 3697 493 3742 concessa
516 3683 564 3744 est
581 3682 672 3744 nobis
687 3681 827 3745 licentia.
875 3681 915 3745 Et
931 3681 1056 3746 demum
1073 3680 1302 3746 declinabimus
1318 3681 1399 3745 viam

814 3805 833 3840 -Ι-

321 3900 335 3954 1
356 3901 417 3957 Von
435 3901 538 3958 diesem
558 3903 654 3961 doctor
666 3905 789 3960 famosus
807 3905 865 3959 und
877 3906 966 3961 asinar
984 3907 1100 3978 predigt
1111 3905 1183 3962 weiss
1197 3907 1283 3962 Fabri
1299 3907 1400 3964 nichta.

249 3987 462 4058 Veranlassung
480 4009 513 4043 zu
531 3991 621 4045 dieser
633 3991 788 4062 ernthlung
806 3993 857 4047 hat
872 3993 1027 4062 jedenfalls
1046 3993 1091 4048 die
1103 3995 1253 4049 thatsacbe
1265 3996 1401 4065 gegeben,

250 4074 314 4129 dass
326 4077 365 4130 im
375 4077 457 4147 Jabre
469 4078 535 4132 1480
548 4077 597 4134 der
610 4079 679 4133 blitz
692 4079 723 4133 in
736 4080 780 4134 dia
793 4081 991 4150 grabrnoschee
1010 4099 1043 4135 au
1057 4081 1170 4137 Medica
1183 4081 1273 4149 (nicht
1287 4082 1401 4154 Mella)

250 4164 402 4234 einschlug,
424 4165 480 4219 und
500 4165 575 4221 diese
592 4166 650 4220 fast
669 4182 742 4235 gana
761 4167 806 4221 ein
825 4167 896 4222 raub
915 4167 964 4222 der
979 4168 1108 4223 flemmen
1121 4169 1224 4222 worda.
1262 4169 1400 4240 licit-Bey

250 4251 349 4316 brach,
374 4253 416 4306 alr
435 4269 465 4306 er
483 4253 557 4307 disse
575 4253 722 4308 nachricht
743 4255 890 4318 vernahm‚
910 4257 940 4309 in
960 4256 1081 4310 thrbnen
1100 4273 1164 4319 aus,
1192 4257 1294 4312 sandte
1312 4259 1402 4314 solort

250 4339 331 4393 einen
350 4339 521 4395 banmeister
539 4341 593 4395 mit
610 4341 816 4398 handwerkern
835 4344 884 4398 hin
905 4345 960 4398 und
980 4345 1158 4400 verwendete
1177 4363 1268 4417 gegen
1291 4345 1400 4406 100000

250 4425 348 4482 dirrare
366 4427 411 4480 fur
433 4428 487 4482 dan
505 4429 714 4486 wiederauibau
734 4431 781 4487 des
801 4431 926 4504 tempels.
963 4432 1038 4488 Weil
1056 4431 1089 4498 V,
1107 4433 1167 4489 357.
