3056 4944
606 323 609 328 ’
673 355 735 422 τττ

216 533 266 620 [p.
291 533 347 618 79]
381 532 418 596 ln
451 532 532 598 testo
565 527 729 599 beatorum
762 531 847 596 Petri
880 537 913 597 et
937 530 1026 594 Pauli
1062 530 1277 615 apostolorum

131 639 188 726 [29
210 638 304 723 duni]
338 638 473 722 prandio
504 641 631 722 sumpto
653 638 743 703 venit
765 637 954 703 reverendus
986 641 1078 721 pater
1107 637 1280 722 gardianus

132 744 250 810 montis
264 743 361 828 Syon,
386 741 504 806 Paulus
528 743 566 807 do
589 741 717 822 (taneto,
742 742 781 806 ad
804 763 854 806 me
876 742 916 806 ad
938 743 1051 806 cellam
1074 745 1226 821 nostram,
1248 745 1281 806 et

131 850 217 914 inter
239 853 345 913 cetera
368 847 518 932 apperuit
539 868 595 913 cor
617 869 709 912 suum
733 853 765 912 et
788 847 930 912 omnium
954 847 1092 912 fratrum
1107 839 1280 913 conventus

133 955 255 1020 dicens:
283 952 400 1018 »Pater
423 953 465 1017 mi
488 954 680 1018 veneranda!
712 951 775 1017 Per
796 975 914 1018 annum
937 973 993 1018 vos
1015 952 1150 1018 stetistis
1173 952 1279 1017 nobis·

133 1080 212 1137 cum,
236 1063 270 1123 et
293 1079 357 1122 non
379 1058 465 1139 dico,
488 1063 524 1123 ut
546 1057 657 1124 extolli
681 1059 837 1136 debeatis3
873 1059 1022 1124 tenuistis
1044 1063 1077 1123 et
1099 1056 1280 1148 reddidistis

132 1185 186 1229 vos
208 1162 329 1242 talem,
360 1163 443 1248 quod
467 1185 575 1244 sumus
598 1185 707 1230 omnes
729 1164 820 1229 valde
853 1165 938 1246 grati
961 1165 999 1228 de
1020 1167 1127 1228 vestra
1149 1183 1279 1227 conver·

134 1269 265 1334 satione.
313 1265 380 1332 Nos
400 1266 483 1333 torte
505 1289 568 1334 non
585 1269 718 1334 fecimus
733 1270 822 1335 vobis
845 1274 945 1350 tanta,
968 1275 1005 1334 ut
1021 1268 1202 1346 debuimus3
1226 1267 1279 1333 de·

134 1375 215 1440 betis
238 1373 331 1439 nobis
353 1373 529 1458 indulgere.
575 1374 644 1460 Ego
667 1397 741 1440 cum
757 1376 901 1459 patribus
917 1374 1110 1440 deliberatus
1126 1373 1219 1438 renio
1242 1393 1280 1436 ex

131 1483 222 1564 purte
257 1482 431 1543 conventus
463 1479 502 1544 ad
525 1499 596 1560 vos,
630 1485 743 1564 petens
765 1480 963 1566 acquiescere
995 1479 1087 1544 unice
1121 1478 1279 1563 petitioni,

133 1605 227 1668 quum
243 1582 396 1648 habemus
419 1583 538 1663 advos,
561 1583 616 1648 scl.
640 1589 677 1650 ut
697 1585 873 1670 dignemini
888 1584 1067 1650 voluntarie
1090 1587 1122 1648 et
1145 1605 1182 1647 ex
1204 1582 1280 1646 obe·
1358 1577 1359 1580 ’

133 1687 252 1754 dientia
267 1689 427 1773 suscipere
450 1709 530 1754 onus
544 1692 748 1776 negotiorum
763 1692 864 1756 nostri
889 1695 1062 1758 conventus
1083 1690 1118 1754 in
1134 1688 1279 1772 partibus

134 1794 352 1859 ultramarinis
368 1794 606 1879 expediendum.
652 1794 726 1862 Non
743 1797 827 1860 enim
840 1796 993 1862 habemus
1009 1815 1198 1880 quemquam
1214 1793 1278 1858 fra·

135 1903 215 1964 trem
232 1898 333 1964 alium
356 1900 395 1964 ad
419 1899 478 1965 hoc
492 1901 664 1986 ydoneum·
684 1905 716 1965 et
738 1923 796 1966 nos
812 1901 1000 1986 indigemus,
1022 1905 1059 1965 ut
1080 1900 1159 1964 bene
1181 1898 1279 1976 scitis,

134 2009 167 2070 ct
189 2006 378 2070 necessitate
393 2005 548 2090 compulsi
570 2027 687 2087 sumus,
710 2008 838 2072 mittere
853 2007 994 2092 aliquem
1009 2005 1151 2069 fratrem.
1198 2000 1279 2067 Con-

137 2109 264 2175 fidimus
287 2111 371 2174 enim
394 2111 432 2175 de
454 2116 560 2176 vestra
582 2112 702 2196 pietate
724 2117 756 2178 et
772 2113 961 2192 obedientia,
984 2110 1076 2176 nobis
1099 2127 1162 2173 nou
1185 2107 1279 2172 dene·

133 2237 219 2300 gare.
266 2215 309 2280 Et
331 2215 448 2280 scimus
469 2221 606 2281 vestram
631 2217 833 2300 prudentiam
865 2219 903 2283 ad
940 2217 999 2282 hoc
1032 2214 1217 2298 dispositam
1249 2219 1280 2278 et

132 2320 280 2399 validam,
302 2319 379 2385 licet
394 2325 502 2386 tamen
519 2321 707 2387 invitissime
724 2329 861 2388 vestrum
875 2323 1104 2408 paternitatem
1119 2319 1279 2384 mittimus

133 2427 268 2505 anobis,
292 2430 325 2490 et
347 2429 395 2491 est
411 2427 502 2492 nobis
518 2427 647 2522 indubie
662 2449 759 2512 grave
774 2429 996 2513 derelinquere
1012 2431 1147 2491 vestram
1167 2427 1278 2488 bonam

134 2536 166 2596 et
186 2529 399 2614 exemplarem
423 2533 702 2598 conversationem.
749 2533 790 2599 Et
811 2535 844 2598 in
867 2534 927 2599 hoc
950 2532 1056 2598 fecitis
1080 2531 1137 2596 deo
1160 2529 1277 2615 gratis-

135 2637 249 2702 simum
266 2637 455 2702 sacrificium
481 2642 513 2703 et
529 2637 659 2704 ecclesis
674 2638 838 2720 catholice,
863 2661 900 2704 ex
923 2639 1011 2704 cu'ms
1033 2640 1126 2720 parta
1148 2655 1205 2699 nos
1227 2632 1281 2698 hic

133 2761 257 2819 sumus,
285 2761 434 2825 magnam
458 2744 669 2809 assistentiam
694 2751 727 2810 et
749 2746 840 2810 nobis
863 2745 1010 2810 omnibus
1032 2763 1180 2826 magnum
1206 2735 1280 2823 pross

93 2882 96 2888 ,
134 2845 251 2911 lectum
286 2849 320 2910 et
360 2847 555 2913 servitium<
613 2849 755 2914 Audiens
788 2853 894 2914 autem
931 2849 990 2914 hec
1030 2847 1134 2912 tristis
1177 2833 1280 2910 factus

133 2955 180 3015 eet
200 2951 335 3036 spiritus
357 2973 461 3032 meus,
494 2975 552 3020 nec
583 2955 675 3038 potui
698 2955 886 3040 respendere
909 2954 1100 3020 affirmativa
1133 2972 1191 3016 nec
1224 2971 1280 3013 ne·

134 3057 257 3141 petire,
291 3061 403 3141 petens
439 3057 623 3124 dilationem
664 3061 701 3126 ad
738 3061 975 3126 deliberandum
1010 3061 1049 3125 ad
1083 3064 1147 3124 tam
1183 3055 1281 3120 ardua

135 3164 263 3248 negotia
295 3167 328 3227 et
361 3183 474 3248 graves
495 3163 619 3230 labores
641 3187 742 3251 usque
773 3167 806 3230 in
839 3167 969 3231 alteram
1004 3166 1097 3231 diem.
1143 3160 1282 3226 Obtenta

133 3269 285 3334 dilatione
307 3270 436 3335 recessit
458 3269 582 3336 dicens:
612 3269 776 3338 ›Videatis
799 3276 904 3357 pater,
928 3295 968 3336 ne
992 3271 1154 3356 denegetis
1178 3267 1279 3347 nobis,

135 3375 209 3460 quie
232 3395 270 3438 ex
291 3373 471 3439 ohedientia
495 3376 592 3440 etism
608 3377 792 3442 tenemini«.
839 3377 916 3442 Post
939 3397 1092 3442 recessum
1117 3395 1190 3439 vero
1213 3373 1280 3437 eius

132 3479 201 3544 dedi
223 3501 275 3544 me
299 3479 403 3563 primo
425 3480 464 3544 ad
487 3482 664 3547 orationem
696 3487 728 3546 et
762 3483 800 3547 ad
825 3483 1062 3547 deliberandum
1087 3501 1182 3564 super
1205 3499 1279 3562 pro-

134 3584 269 3668 positam
286 3584 508 3651 obedientiam.
554 3587 596 3651 Et
611 3589 784 3672 ponderavi
800 3589 927 3671 singula
942 3587 996 3652 acl.
1015 3585 1191 3650 exilitatem
1206 3605 1280 3668 per-

133 3709 207 3754 sone
230 3709 318 3768 mee,
342 3689 489 3756 inertiam
512 3691 661 3774 scientie,
693 3696 887 3758 senectutem
912 3693 976 3756 vite
999 3697 1031 3758 et
1054 3692 1150 3756 etiam
1174 3688 1279 3775 gravi·

133 3796 235 3860 tatem
250 3793 407 3875 laborum,
423 3797 644 3902 difficultatem
662 3798 874 3911 captiosum,
895 3799 1080 3862 varietatem
1098 3795 1279 3878 linguarum

135 3932 257 3988 ntmliclr
277 3932 322 3988 dle
336 3932 535 4003 geburtslrdhle
554 3954 626 4005 ganz
640 3935 736 3992 finster
755 3935 813 3990 und
830 3935 888 3991 fast
901 3933 1117 4004 unaugttnglich.
1137 3930 1181 3984 die
1200 3929 1281 3984 obera

135 4021 227 4076 tirche
245 4021 314 4076 abar
333 4022 377 4076 ein
397 4021 472 4086 stall,
495 4024 624 4078 wahrend
639 4023 769 4079 Walther
787 4041 838 4078 uns
860 4023 976 4084 belehrt‚
998 4022 1062 4074 dass
1081 4019 1120 4074 sie
1138 4017 1208 4072 doch
1227 4033 1280 4070 we·

135 4109 261 4178 nigatana
280 4107 417 4165 seitweise
443 4128 505 4165 eum
524 4112 710 4181 gotteedienst
738 4113 854 4166 bendtet
874 4110 977 4166 wurde.
1014 4095 1089 4162 liber
1118 4105 1169 4159 das
1186 4103 1281 4173 eigan-

135 4195 288 4252 tumsrecht
306 4213 344 4250 an
362 4195 416 4252 den
429 4198 642 4254 verschiedenen
661 4199 700 4253 hl.
714 4201 823 4254 stetten
841 4199 871 4252 in
884 4197 938 4252 Ain
959 4196 1055 4250 llarim
1074 4191 1147 4247 finde
1168 4189 1213 4244 ich
1231 4207 1281 4244 aus

135 4281 221 4338 dieser
240 4283 297 4338 nait
315 4301 368 4338 nur
380 4284 462 4354 abiga
475 4288 607 4357 angaben
618 4287 770 4352 Walthers‚
790 4286 835 4342 die
849 4285 908 4341 sich
923 4286 989 4340 aber
1009 4283 1062 4337 mit
1080 4280 1144 4335 dem
1156 4277 1281 4334 beriohte

135 4369 231 4426 l'abris
249 4371 285 4436 11,
304 4372 339 4427 24
351 4371 379 4429 s.
397 4373 476 4430 nicht
495 4377 547 4446 gut
561 4375 723 4447 vereinigen
738 4375 839 4430 laesen.
859 4371 1022 4445 Vgl.s.135
1036 4367 1140 4424 anm.3
1156 4383 1182 4420 u.
1193 4384 1217 4421 s.
1231 4366 1281 4421 136

133 4475 206 4517 anm.
226 4459 240 4514 l
262 4477 288 4514 u.
306 4459 331 4513 2.
