3056 4944
648 339 709 406 107

106 520 195 582 erant
210 537 320 583 omnes
334 515 418 580 caini
435 515 630 601 congregati.
653 519 685 580 et
707 515 753 580 ihi
769 515 967 581 ascendimus
982 515 1098 581 acinos.
1144 515 1186 581 Et
1201 538 1254 580 ar-

106 626 195 706 repta
216 622 270 686 ria
292 644 312 686 a
335 619 437 686 Rama
459 621 496 686 ad
519 622 581 686 duo
602 620 741 686 miliaria
764 643 861 706 parva
884 621 923 686 ad
938 621 1102 686 sinistram
1124 643 1253 686 manum

105 727 231 792 ridetur
245 725 346 790 turris
360 723 449 788 alta¹
466 725 498 788 in
511 725 589 790 villa
604 724 753 810 Dyoseoli
767 723 789 804 ²,
814 747 876 810 quc
891 731 1035 811 tempore
1049 726 1151 792 saneti
1167 725 1255 790 Petri

106 837 174 896 erat
197 831 312 897 civitas
333 829 438 895 valida
460 831 588 896 nomine
611 830 720 912 hidda,
743 832 796 896 sed
819 831 912 897 modo
935 833 1106 898 destructa.

195 935 298 1000 Lidda
320 940 463 1019 tempore
484 934 604 1001 Christi
628 941 697 1002 erat
719 937 842 1018 civitas,
865 945 897 1001 et
920 937 965 1002 ibi
988 937 1172 1002 factasunt
1195 935 1256 999 duo

105 1063 245 1126 magna:
268 1039 379 1105 Primo
400 1044 528 1106 sanctus
543 1039 657 1105 Petrus
680 1041 799 1105 ibidem
814 1041 938 1106 curavit
952 1040 1156 1126 paraliticum
1173 1039 1255 1104 Ene-

105 1171 178 1227 am‚
211 1147 336 1232 dequo
360 1143 496 1210 habetur
520 1145 658 1210 hctuum
681 1146 700 1208 9
724 1145 873 1229 capitulo.
921 1143 1001 1211 Cum
1024 1147 1109 1212 enirn
1129 1149 1256 1210 sanctus

108 1253 222 1319 Petrus
245 1252 369 1319 veniret
391 1252 429 1316 ad
452 1251 666 1336 sanctos-qui
690 1249 881 1315 habitabant
904 1249 1029 1337 Lydda,
1064 1250 1189 1316 invenit
1211 1249 1256 1313 ibi

106 1358 267 1424 hominem
290 1357 417 1422 nomine
445 1355 572 1434 Eneam,
595 1357 668 1420 octo
688 1356 780 1420 annis
794 1356 1009 1440 paraliticum.
1054 1354 1113 1421 Cui
1135 1356 1181 1421 ait
1196 1354 1256 1419 Pe-

106 1469 194 1530 trus:
222 1463 345 1528 ‚meat
362 1466 452 1527 sanet
468 1462 505 1526 de
521 1461 666 1526 dominus
683 1460 793 1526 lhesus
804 1459 964 1526 Christus!
987 1459 1089 1546 Surge
1104 1465 1137 1526 et
1151 1465 1258 1525 sterne

108 1569 207 1634 tibil‹
256 1568 298 1633 Et
330 1568 481 1633 continuo
505 1566 645 1632 surrexit
666 1573 770 1632 sunus.
817 1565 858 1630 Et
880 1565 1022 1631 videntes
1044 1587 1171 1646 omnes,
1203 1566 1258 1649 qui

107 1677 199 1739 eraut
223 1673 257 1738 in
275 1671 384 1751 hidda,
407 1672 548 1738 conversi
571 1675 646 1738 suut
669 1672 707 1736 ad
724 1671 897 1737 domiuum.
943 1669 1087 1737 Secundo
1110 1672 1142 1735 in
1161 1669 1259 1735 biddu

110 1778 330 1844 martirizatus
359 1781 407 1842 est
430 1778 542 1842 beatus
566 1776 722 1862 Georgius
744 1779 869 1862 martyr
892 1780 924 1841 et
945 1777 1052 1856 miles,
1082 1779 1120 1841 ut
1149 1775 1259 1840 dieunt

112 1883 223 1969 aliqui.
271 1881 330 1948 Sed
355 1881 545 1948 uenerabilis
570 1881 653 1947 Beda
688 1883 720 1946 in
752 1903 809 1946 suo
831 1881 1017 1946 kalendario
1047 1881 1142 1961 dicit,
1175 1879 1259 1964 quod

112 1989 154 2053 sit
178 2009 291 2073 passus
312 1988 345 2052 iu
370 1987 496 2072 persida
518 1987 648 2052 civitate
665 1985 819 2071 Diospoli.
865 1985 907 2051 Et
921 1990 1054 2071 propter
1076 1985 1133 2050 has
1156 1985 1259 2049 diver·

111 2095 223 2160 sitates
239 2094 408 2160 concilium
425 2091 582 2159 Nicenum
597 2093 765 2177 legendam
781 2093 882 2158 sancti
902 2091 1032 2174 Georgii
1055 2091 1140 2154 inter
1161 2089 1259 2172 scrip-

110 2205 199 2266 turas
223 2199 383 2282 apocrifus
405 2199 645 2264 connumeravit
667 2221 705 2264 er
729 2197 899 2278 suetiam,
928 2198 1010 2283 quod
1034 2201 1152 2262 certam
1177 2192 1259 2258 rela-

111 2307 228 2371 tionem
255 2304 293 2370 dc
316 2304 469 2370 loco-non
493 2304 617 2369 habuit.
664 2302 723 2369 Sed
747 2305 858 2370 beatus
880 2303 1065 2368 Ambrosius
1087 2299 1200 2366 scribit
1223 2298 1261 2362 do

111 2417 220 2476 saneto
246 2409 385 2493 Georgio
408 2410 439 2474 in
465 2432 522 2474 sua
548 2409 726 2494 prefatione
749 2411 810 2476 sic:
847 2409 1031 2495 »Georgius
1063 2405 1261 2472 fidelissimus

113 2519 157 2600 [p.
173 2516 230 2602 55]
250 2515 341 2581 miles
357 2514 487 2595 Christi,
510 2516 585 2580 dum
601 2515 848 2580 christianitatis
864 2511 1116 2600 professionem⁸
1133 2509 1260 2575 silentio

115 2626 289 2708 tegeretur,
312 2621 397 2686 solus
418 2621 485 2704 ipse
501 2621 586 2685 inter
603 2619 810 2686 Christicolas
834 2621 883 2685 dei
902 2621 1004 2684 filium
1027 2622 1074 2682 est
1090 2615 1261 2691 confessus,

85 2783 89 2794 .
113 2730 162 2793 cui
186 2733 220 2794 et
243 2731 366 2792 tautam
384 2727 596 2791 constantiam
619 2727 725 2811 gratia
748 2727 797 2791 dei
814 2727 977 2805 concessit,
1000 2727 1037 2788 ut
1053 2724 1151 2788 etiam
1164 2721 1260 2786 tirra-

112 2835 180 2900 niee
212 2831 383 2918 potestatis
417 2836 568 2917 precepto
598 2835 838 2917 contempneret
867 2837 899 2896 et
921 2827 1167 2896 innumerabilia
1198 2845 1262 2890 non

112 2940 303 3005 formidaret
324 2958 479 3020 penarum
502 2941 673 3003 tormenta.
717 2935 745 3002 Ο
776 2936 855 3003 felix
886 2941 918 3002 et
946 2935 1077 3000 inclitus
1108 2931 1263 3016 preliator

111 3043 249 3124 domini,
280 3065 374 3128 quem
396 3063 460 3106 non
483 3042 585 3107 solum
609 3042 794 3126 temporalis
823 3042 913 3125 regni
946 3040 1065 3105 blanda
1093 3057 1155 3102 non
1188 3055 1262 3118 per·

111 3150 213 3215 suasit
237 3147 416 3232 promissio,
441 3148 492 3212 sed
517 3151 716 3231 persecutore
739 3147 847 3211 deluso
870 3145 1111 3210 simulacrorum
1136 3140 1205 3206 eius
1227 3139 1262 3202 in

110 3257 252 3320 abissum
276 3255 424 3336 portenta
455 3252 579 3318 deiecit.
625 3251 739 3316 Passus
773 3255 821 3316 est
843 3254 950 3316 nutem
972 3252 1083 3314 beatus
1106 3244 1263 3330 Georgius

111 3361 229 3445 capitis
251 3357 528 3424 obtruncationem
561 3380 645 3423 anno
667 3357 788 3422 domini
810 3357 872 3422 287
897 3359 930 3420 et
952 3377 1102 3422 eoronam
1124 3349 1262 3418 martirii

76 3451 79 3458 ¹
112 3467 349 3552 adepturae«
386 3462 454 3528 Heo
471 3463 657 3529 Ambrosius
669 3463 691 3530 ⁴.
728 3463 769 3528 Et
792 3463 837 3527 ibi
859 3463 937 3527 olim
959 3463 1028 3524 erat
1039 3457 1191 3524 notabilis
1214 3476 1263 3521 ec·

679 3606 698 3643 ἃ

187 3725 201 3780 1
222 3725 317 3781 Diores
335 3725 458 3780 minaret
473 3725 574 3796 gehort
598 3741 632 3778 su
650 3724 700 3779 der
718 3723 859 3786 moechae,
878 3721 981 3778 welche
1005 3721 1051 3776 die
1069 3718 1216 3776 Moslemin
1234 3719 1264 3773 in

115 3815 195 3870 einen
215 3812 267 3868 teil
287 3813 337 3868 der
355 3812 454 3868 ruinen
473 3813 522 3866 der
540 3809 725 3874 versellenen,
746 3809 911 3864 borhhmteu
930 3809 1026 3864 kircha
1049 3809 1098 3864 des
1115 3808 1154 3864 hl.
1173 3805 1266 3876 Georg

116 3922 148 3958 ru
168 3901 270 3973 Lydda
291 3901 493 3972 hineiugebaut
512 3900 612 3958 haben.
648 3899 733 3956 Baed.
754 3901 795 3956 12.
827 3897 990 3955 Eb.·Guthe.
1009 3896 1069 3951 Pal.
1088 3895 1123 3960 ΙΙ,
1145 3893 1193 3949 169
1212 3896 1265 3948 mit

117 3991 186 4046 hild.
295 3987 462 4060 tlDiospoli.
552 3987 728 4058 sprofessio.
834 3975 943 4041 tllher
961 3985 1006 4040 die
1025 3983 1142 4052 legende
1160 3981 1207 4036 des
1226 3981 1266 4036 hl.

116 4079 210 4150 Georg
229 4077 288 4147 vgl.
307 4077 421 4142 Tobler,
441 4077 539 4134 Denhl.
557 4078 609 4132 214
628 4076 656 4130 ff.
676 4075 733 4130 und
753 4075 805 4132 584
824 4076 861 4140 ff„
880 4073 969 4144 Sepp,
992 4072 1046 4126 Jer.
1067 4071 1087 4134 Ι,
1107 4071 1141 4123 27
1161 4067 1189 4124 ff.
1207 4067 1265 4122 und

118 4165 267 4224 besonders
282 4163 410 4220 Bollsnd.
430 4167 501 4221 Acta
520 4167 608 4220 sanct.
622 4165 712 4235 April.
725 4163 773 4228 Ill,
788 4163 839 4219 loo
851 4162 879 4218 ff.
918 4160 997 4216 Nach
1015 4157 1065 4212 der
1077 4153 1266 4226 allgemeinen

117 4253 257 4310 tradition
276 4251 357 4307 erlitt
386 4252 436 4308 der
457 4253 496 4308 hl.
516 4252 609 4322 Georg
637 4253 690 4309 den
710 4250 898 4322 martyrertod
927 4249 957 4304 iu
975 4242 1165 4305 Nicomedian,
1192 4241 1267 4298 scine

118 4339 237 4412 gebeine
252 4339 357 4412 judoch
369 4341 483 4397 worden
501 4341 574 4397 nach
586 4341 683 4410 Lydda
703 4341 883 4412 theutragen.
909 4329 1192 4397 cucumam-11.
1207 4331 1265 4386 168·

119 4427 233 4494 Guerin,
252 4425 319 4483 Jud.
332 4425 355 4492 1,
367 4427 425 4484 325.
461 4425 523 4483 Den
540 4427 642 4498 hemps
657 4427 710 4483 mit
727 4427 791 4484 dem
809 4427 932 4483 druchen
942 4423 1075 4493 corlegen
1092 4418 1137 4475 dic
1150 4415 1267 4474 meisteu
