<?xml version="1.0" encoding="UTF-8"?>
<!DOCTYPE html PUBLIC "-//W3C//DTD XHTML 1.0 Transitional//EN"
    "http://www.w3.org/TR/xhtml1/DTD/xhtml1-transitional.dtd">
<html xmlns="http://www.w3.org/1999/xhtml" xml:lang="en" lang="en">
 <head>
  <title>
</title>
<meta http-equiv="Content-Type" content="text/html;charset=utf-8" />
  <meta name='ocr-system' content='tesseract 3.04.00' />
  <meta name='ocr-capabilities' content='ocr_page ocr_carea ocr_par ocr_line ocrx_word'/>
</head>
<body>
  <div class='ocr_page' id='page_1' title='image "./fratrispauliwal01waltgoog_0270.png"; bbox 0 0 3054 4942; ppageno 0'>
   <div class='ocr_carea' id='block_1_1' title="bbox 655 337 718 402">
    <p class='ocr_par' dir='ltr' id='par_1_1' title="bbox 655 337 718 402">
     <span class='ocr_line' id='line_1_1' title="bbox 655 337 718 402; baseline 0.032 -2"><span class='ocrx_word' id='word_1_1' title='bbox 655 337 718 402; x_wconf 88' lang='grc'>245</span> 
     </span>
    </p>
   </div>
   <div class='ocr_carea' id='block_1_2' title="bbox 102 508 1282 4171">
    <p class='ocr_par' dir='ltr' id='par_1_2' title="bbox 102 508 1282 4171">
     <span class='ocr_line' id='line_1_2' title="bbox 112 508 1260 596; baseline 0.003 -22"><span class='ocrx_word' id='word_1_2' title='bbox 112 508 348 574; x_wconf 88' lang='lat' dir='ltr'>rationabiliter</span> <span class='ocrx_word' id='word_1_3' title='bbox 378 515 412 574; x_wconf 84' lang='lat' dir='ltr'>et</span> <span class='ocrx_word' id='word_1_4' title='bbox 435 509 575 593; x_wconf 86' lang='lat' dir='ltr'>perfecte</span> <span class='ocrx_word' id='word_1_5' title='bbox 597 511 629 574; x_wconf 90' lang='lat' dir='ltr'>in</span> <span class='ocrx_word' id='word_1_6' title='bbox 653 513 849 578; x_wconf 79' lang='lat' dir='ltr'>confessione</span> <span class='ocrx_word' id='word_1_7' title='bbox 873 511 1019 594; x_wconf 78' lang='lat' dir='ltr'><strong>exposuit</strong></span> <span class='ocrx_word' id='word_1_8' title='bbox 1034 509 1055 577; x_wconf 88' lang='lat'>¹.</span> <span class='ocrx_word' id='word_1_9' title='bbox 1102 511 1143 577; x_wconf 82' lang='lat' dir='ltr'>Et</span> <span class='ocrx_word' id='word_1_10' title='bbox 1165 534 1260 596; x_wconf 91' lang='lat' dir='ltr'>expe·</span> 
     </span>
     <span class='ocr_line' id='line_1_3' title="bbox 110 613 1261 702; baseline 0.003 -24"><span class='ocrx_word' id='word_1_11' title='bbox 110 614 174 678; x_wconf 89' lang='lat' dir='ltr'>dita</span> <span class='ocrx_word' id='word_1_12' title='bbox 190 613 391 680; x_wconf 85' lang='lat' dir='ltr'>confessione</span> <span class='ocrx_word' id='word_1_13' title='bbox 406 615 601 700; x_wconf 80' lang='lat' dir='ltr'>interrogavi</span> <span class='ocrx_word' id='word_1_14' title='bbox 627 638 697 680; x_wconf 91' lang='lat' dir='ltr'>eum</span> <span class='ocrx_word' id='word_1_15' title='bbox 721 617 759 681; x_wconf 89' lang='lat' dir='ltr'>de</span> <span class='ocrx_word' id='word_1_16' title='bbox 774 617 961 682; x_wconf 88' lang='lat' dir='ltr'>infirmitate</span> <span class='ocrx_word' id='word_1_17' title='bbox 983 638 1049 696; x_wconf 90' lang='lat' dir='ltr'>sua,</span> <span class='ocrx_word' id='word_1_18' title='bbox 1073 638 1261 702; x_wconf 78' lang='lat' dir='ltr'>rogansque,</span> 
     </span>
     <span class='ocr_line' id='line_1_4' title="bbox 109 720 1261 797; baseline 0.003 -13"><span class='ocrx_word' id='word_1_19' title='bbox 109 725 144 784; x_wconf 91' lang='lat' dir='ltr'>ut</span> <span class='ocrx_word' id='word_1_20' title='bbox 165 720 247 784; x_wconf 89' lang='lat' dir='ltr'>mihi</span> <span class='ocrx_word' id='word_1_21' title='bbox 272 720 391 786; x_wconf 89' lang='lat' dir='ltr'>diceret</span> <span class='ocrx_word' id='word_1_22' title='bbox 413 720 581 786; x_wconf 84' lang='lat' dir='ltr'>veritatem</span> <span class='ocrx_word' id='word_1_23' title='bbox 604 721 801 786; x_wconf 89' lang='lat' dir='ltr'>infirmitatis</span> <span class='ocrx_word' id='word_1_24' title='bbox 825 743 888 786; x_wconf 89' lang='lat' dir='ltr'>sus.</span> <span class='ocrx_word' id='word_1_25' title='bbox 936 720 995 797; x_wconf 79' lang='lat' dir='ltr'>Qui</span> <span class='ocrx_word' id='word_1_26' title='bbox 1020 721 1116 786; x_wconf 87' lang='lat' dir='ltr'>dixit:</span> <span class='ocrx_word' id='word_1_27' title='bbox 1150 720 1261 788; x_wconf 80' lang='lat' dir='ltr'>»Certe</span> 
     </span>
     <span class='ocr_line' id='line_1_5' title="bbox 110 825 1260 910; baseline 0.002 -20"><span class='ocrx_word' id='word_1_28' title='bbox 110 826 177 890; x_wconf 88' lang='lat' dir='ltr'>dico</span> <span class='ocrx_word' id='word_1_29' title='bbox 193 826 295 905; x_wconf 88' lang='lat' dir='ltr'>vobis,</span> <span class='ocrx_word' id='word_1_30' title='bbox 319 825 401 908; x_wconf 93' lang='lat' dir='ltr'>quod</span> <span class='ocrx_word' id='word_1_31' title='bbox 425 846 487 889; x_wconf 92' lang='lat' dir='ltr'>non</span> <span class='ocrx_word' id='word_1_32' title='bbox 512 825 614 889; x_wconf 91' lang='lat' dir='ltr'>sentio</span> <span class='ocrx_word' id='word_1_33' title='bbox 630 825 771 891; x_wconf 89' lang='lat' dir='ltr'>dolorem</span> <span class='ocrx_word' id='word_1_34' title='bbox 794 848 852 891; x_wconf 87' lang='lat' dir='ltr'>nec</span> <span class='ocrx_word' id='word_1_35' title='bbox 874 826 908 890; x_wconf 91' lang='lat' dir='ltr'>in</span> <span class='ocrx_word' id='word_1_36' title='bbox 923 826 1027 910; x_wconf 89' lang='lat' dir='ltr'>capite</span> <span class='ocrx_word' id='word_1_37' title='bbox 1050 847 1107 890; x_wconf 91' lang='lat' dir='ltr'>nec</span> <span class='ocrx_word' id='word_1_38' title='bbox 1130 826 1163 889; x_wconf 92' lang='lat' dir='ltr'>in</span> <span class='ocrx_word' id='word_1_39' title='bbox 1186 848 1260 910; x_wconf 89' lang='lat' dir='ltr'>pec·</span> 
     </span>
     <span class='ocr_line' id='line_1_6' title="bbox 111 929 1282 1008; baseline 0.001 -13"><span class='ocrx_word' id='word_1_40' title='bbox 111 935 195 1008; x_wconf 88' lang='lat' dir='ltr'>turc,</span> <span class='ocrx_word' id='word_1_41' title='bbox 220 931 274 995; x_wconf 87' lang='lat' dir='ltr'>sed</span> <span class='ocrx_word' id='word_1_42' title='bbox 297 931 494 995; x_wconf 74' lang='lat' dir='ltr'>solummodo</span> <span class='ocrx_word' id='word_1_43' title='bbox 526 929 611 995; x_wconf 87' lang='lat' dir='ltr'>infra</span> <span class='ocrx_word' id='word_1_44' title='bbox 634 931 826 996; x_wconf 89' lang='lat' dir='ltr'>umbelicum</span> <span class='ocrx_word' id='word_1_45' title='bbox 849 933 970 996; x_wconf 87' lang='lat' dir='ltr'>ventris</span> <span class='ocrx_word' id='word_1_46' title='bbox 999 931 1103 996; x_wconf 91' lang='lat' dir='ltr'>sentio</span> <span class='ocrx_word' id='word_1_47' title='bbox 1126 930 1282 996; x_wconf 40' lang='lat' dir='ltr'>infirmi-s</span> 
     </span>
     <span class='ocr_line' id='line_1_7' title="bbox 110 1035 1260 1121; baseline 0.003 -22"><span class='ocrx_word' id='word_1_48' title='bbox 110 1040 224 1109; x_wconf 76' lang='lat' dir='ltr'>tatem3</span> <span class='ocrx_word' id='word_1_49' title='bbox 249 1057 343 1119; x_wconf 88' lang='lat' dir='ltr'>spero</span> <span class='ocrx_word' id='word_1_50' title='bbox 367 1041 489 1114; x_wconf 90' lang='lat' dir='ltr'>tamen,</span> <span class='ocrx_word' id='word_1_51' title='bbox 514 1037 596 1121; x_wconf 91' lang='lat' dir='ltr'>quod</span> <span class='ocrx_word' id='word_1_52' title='bbox 620 1037 731 1102; x_wconf 79' lang='lat' dir='ltr'>melius</span> <span class='ocrx_word' id='word_1_53' title='bbox 756 1037 908 1102; x_wconf 87' lang='lat' dir='ltr'>habebo.‹</span> <span class='ocrx_word' id='word_1_54' title='bbox 957 1035 1015 1102; x_wconf 81' lang='lat' dir='ltr'>cni</span> <span class='ocrx_word' id='word_1_55' title='bbox 1039 1057 1098 1120; x_wconf 77' lang='lat' dir='ltr'>ego</span> <span class='ocrx_word' id='word_1_56' title='bbox 1121 1036 1260 1102; x_wconf 86' lang='lat' dir='ltr'>aiebam:</span> 
     </span>
     <span class='ocr_line' id='line_1_8' title="bbox 113 1139 1261 1227; baseline 0.005 -27"><span class='ocrx_word' id='word_1_57' title='bbox 113 1139 269 1206; x_wconf 78' lang='lat' dir='ltr'>»Domine</span> <span class='ocrx_word' id='word_1_58' title='bbox 291 1145 459 1224; x_wconf 74' lang='lat' dir='ltr'>generose!</span> <span class='ocrx_word' id='word_1_59' title='bbox 493 1141 540 1205; x_wconf 85' lang='lat' dir='ltr'>Ex</span> <span class='ocrx_word' id='word_1_60' title='bbox 574 1163 636 1227; x_wconf 93' lang='lat' dir='ltr'>quo</span> <span class='ocrx_word' id='word_1_61' title='bbox 666 1142 788 1207; x_wconf 85' lang='lat' dir='ltr'>fecistis</span> <span class='ocrx_word' id='word_1_62' title='bbox 810 1146 948 1208; x_wconf 88' lang='lat' dir='ltr'>vestram</span> <span class='ocrx_word' id='word_1_63' title='bbox 972 1143 1199 1208; x_wconf 84' lang='lat' dir='ltr'>confessionem</span> <span class='ocrx_word' id='word_1_64' title='bbox 1228 1146 1261 1207; x_wconf 90' lang='lat' dir='ltr'>et</span> 
     </span>
     <span class='ocr_line' id='line_1_9' title="bbox 109 1246 1261 1333; baseline 0 -24"><span class='ocrx_word' id='word_1_65' title='bbox 109 1267 165 1329; x_wconf 89' lang='lat' dir='ltr'>per</span> <span class='ocrx_word' id='word_1_66' title='bbox 188 1246 239 1310; x_wconf 90' lang='lat' dir='ltr'>dei</span> <span class='ocrx_word' id='word_1_67' title='bbox 256 1246 396 1330; x_wconf 86' lang='lat' dir='ltr'>gratiam</span> <span class='ocrx_word' id='word_1_68' title='bbox 412 1267 496 1311; x_wconf 91' lang='lat' dir='ltr'>nunc</span> <span class='ocrx_word' id='word_1_69' title='bbox 512 1247 587 1310; x_wconf 88' lang='lat' dir='ltr'>estis</span> <span class='ocrx_word' id='word_1_70' title='bbox 603 1247 775 1330; x_wconf 88' lang='lat' dir='ltr'>dispositus</span> <span class='ocrx_word' id='word_1_71' title='bbox 793 1248 898 1333; x_wconf 90' lang='lat' dir='ltr'>quoad</span> <span class='ocrx_word' id='word_1_72' title='bbox 914 1248 1062 1326; x_wconf 87' lang='lat' dir='ltr'>animam,</span> <span class='ocrx_word' id='word_1_73' title='bbox 1086 1247 1261 1331; x_wconf 76' lang='lat' dir='ltr'>disponatis</span> 
     </span>
     <span class='ocr_line' id='line_1_10' title="bbox 108 1349 1259 1437; baseline 0.002 -23"><span class='ocrx_word' id='word_1_74' title='bbox 108 1351 201 1414; x_wconf 88' lang='lat' dir='ltr'>etiam</span> <span class='ocrx_word' id='word_1_75' title='bbox 227 1353 260 1414; x_wconf 89' lang='lat' dir='ltr'>et</span> <span class='ocrx_word' id='word_1_76' title='bbox 282 1349 437 1415; x_wconf 91' lang='lat' dir='ltr'>ordinetis</span> <span class='ocrx_word' id='word_1_77' title='bbox 460 1355 602 1416; x_wconf 85' lang='lat' dir='ltr'>vestrum</span> <span class='ocrx_word' id='word_1_78' title='bbox 626 1355 852 1417; x_wconf 85' lang='lat' dir='ltr'>testamentum</span> <span class='ocrx_word' id='word_1_79' title='bbox 883 1356 949 1416; x_wconf 90' lang='lat' dir='ltr'>tam</span> <span class='ocrx_word' id='word_1_80' title='bbox 980 1352 1034 1417; x_wconf 92' lang='lat' dir='ltr'>hic</span> <span class='ocrx_word' id='word_1_81' title='bbox 1064 1374 1161 1437; x_wconf 87' lang='lat' dir='ltr'>quarn</span> <span class='ocrx_word' id='word_1_82' title='bbox 1182 1351 1259 1416; x_wconf 87' lang='lat' dir='ltr'>alibi</span> 
     </span>
     <span class='ocr_line' id='line_1_11' title="bbox 110 1455 1259 1542; baseline 0.003 -24"><span class='ocrx_word' id='word_1_83' title='bbox 110 1455 140 1518; x_wconf 91' lang='lat' dir='ltr'>in</span> <span class='ocrx_word' id='word_1_84' title='bbox 165 1455 309 1520; x_wconf 90' lang='lat' dir='ltr'>dominio</span> <span class='ocrx_word' id='word_1_85' title='bbox 323 1459 446 1532; x_wconf 81' lang='lat' dir='ltr'>vestr03</span> <span class='ocrx_word' id='word_1_86' title='bbox 470 1461 502 1521; x_wconf 90' lang='lat' dir='ltr'>et</span> <span class='ocrx_word' id='word_1_87' title='bbox 524 1456 584 1522; x_wconf 93' lang='lat' dir='ltr'>hoc</span> <span class='ocrx_word' id='word_1_88' title='bbox 600 1458 776 1542; x_wconf 73' lang='lat' dir='ltr'>requiritur</span> <span class='ocrx_word' id='word_1_89' title='bbox 798 1459 836 1523; x_wconf 91' lang='lat' dir='ltr'>de</span> <span class='ocrx_word' id='word_1_90' title='bbox 852 1458 1069 1522; x_wconf 69' lang='lat' dir='ltr'>necessitato«</span> <span class='ocrx_word' id='word_1_91' title='bbox 1116 1456 1259 1542; x_wconf 86' lang='lat' dir='ltr'>Respon-</span> 
     </span>
     <span class='ocr_line' id='line_1_12' title="bbox 110 1559 1259 1646; baseline 0.003 -24"><span class='ocrx_word' id='word_1_92' title='bbox 110 1559 170 1624; x_wconf 86' lang='lat' dir='ltr'>dit:</span> <span class='ocrx_word' id='word_1_93' title='bbox 198 1559 380 1641; x_wconf 80' lang='lat' dir='ltr'>›Libenter,</span> <span class='ocrx_word' id='word_1_94' title='bbox 402 1567 435 1626; x_wconf 90' lang='lat' dir='ltr'>et</span> <span class='ocrx_word' id='word_1_95' title='bbox 457 1583 511 1626; x_wconf 89' lang='lat' dir='ltr'>ero</span> <span class='ocrx_word' id='word_1_96' title='bbox 526 1584 648 1628; x_wconf 90' lang='lat' dir='ltr'>memor</span> <span class='ocrx_word' id='word_1_97' title='bbox 667 1567 794 1646; x_wconf 87' lang='lat' dir='ltr'>patrum</span> <span class='ocrx_word' id='word_1_98' title='bbox 817 1564 850 1627; x_wconf 89' lang='lat' dir='ltr'>iu</span> <span class='ocrx_word' id='word_1_99' title='bbox 867 1567 975 1628; x_wconf 88' lang='lat' dir='ltr'>monte</span> <span class='ocrx_word' id='word_1_100' title='bbox 989 1560 1106 1646; x_wconf 78' lang='lat' dir='ltr'>syon«,</span> <span class='ocrx_word' id='word_1_101' title='bbox 1130 1565 1162 1626; x_wconf 86' lang='lat' dir='ltr'>st</span> <span class='ocrx_word' id='word_1_102' title='bbox 1184 1561 1259 1626; x_wconf 89' lang='lat' dir='ltr'>sub·</span> 
     </span>
     <span class='ocr_line' id='line_1_13' title="bbox 110 1663 1258 1750; baseline 0.003 -23"><span class='ocrx_word' id='word_1_103' title='bbox 110 1663 228 1730; x_wconf 90' lang='lat' dir='ltr'>iunxit:</span> <span class='ocrx_word' id='word_1_104' title='bbox 255 1664 323 1730; x_wconf 80' lang='lat' dir='ltr'>&gt;Ite</span> <span class='ocrx_word' id='word_1_105' title='bbox 347 1669 379 1730; x_wconf 88' lang='lat' dir='ltr'>et</span> <span class='ocrx_word' id='word_1_106' title='bbox 394 1672 503 1731; x_wconf 89' lang='lat' dir='ltr'>vocate</span> <span class='ocrx_word' id='word_1_107' title='bbox 522 1667 602 1732; x_wconf 89' lang='lat' dir='ltr'>mihi</span> <span class='ocrx_word' id='word_1_108' title='bbox 618 1669 782 1733; x_wconf 90' lang='lat' dir='ltr'>dominum</span> <span class='ocrx_word' id='word_1_109' title='bbox 801 1667 1017 1733; x_wconf 87' lang='lat' dir='ltr'>Bernhardum</span> <span class='ocrx_word' id='word_1_110' title='bbox 1042 1667 1081 1730; x_wconf 88' lang='lat' dir='ltr'>ds</span> <span class='ocrx_word' id='word_1_111' title='bbox 1096 1665 1258 1750; x_wconf 81' lang='lat' dir='ltr'>Breyden·</span> 
     </span>
     <span class='ocr_line' id='line_1_14' title="bbox 110 1768 1259 1857; baseline 0 -23"><span class='ocrx_word' id='word_1_112' title='bbox 110 1768 187 1834; x_wconf 84' lang='lat' dir='ltr'>bach</span> <span class='ocrx_word' id='word_1_113' title='bbox 213 1772 246 1834; x_wconf 89' lang='lat' dir='ltr'>et</span> <span class='ocrx_word' id='word_1_114' title='bbox 268 1770 428 1836; x_wconf 86' lang='lat' dir='ltr'>dominum</span> <span class='ocrx_word' id='word_1_115' title='bbox 454 1771 639 1857; x_wconf 88' lang='lat' dir='ltr'>Philippum</span> <span class='ocrx_word' id='word_1_116' title='bbox 669 1773 706 1837; x_wconf 90' lang='lat' dir='ltr'>de</span> <span class='ocrx_word' id='word_1_117' title='bbox 730 1771 884 1837; x_wconf 75' lang='lat' dir='ltr'>Biclrenlr</span> <span class='ocrx_word' id='word_1_118' title='bbox 922 1770 1038 1838; x_wconf 79' lang='lat' dir='ltr'>Statim</span> <span class='ocrx_word' id='word_1_119' title='bbox 1072 1770 1193 1836; x_wconf 77' lang='lat' dir='ltr'>surrexi</span> <span class='ocrx_word' id='word_1_120' title='bbox 1226 1774 1259 1834; x_wconf 89' lang='lat' dir='ltr'>et</span> 
     </span>
     <span class='ocr_line' id='line_1_15' title="bbox 110 1873 1257 1962; baseline 0.001 -26"><span class='ocrx_word' id='word_1_121' title='bbox 110 1873 214 1938; x_wconf 87' lang='lat' dir='ltr'>dimisi</span> <span class='ocrx_word' id='word_1_122' title='bbox 239 1895 321 1952; x_wconf 87' lang='lat' dir='ltr'>eum,</span> <span class='ocrx_word' id='word_1_123' title='bbox 355 1877 533 1962; x_wconf 81' lang='lat' dir='ltr'>accessique</span> <span class='ocrx_word' id='word_1_124' title='bbox 554 1878 627 1943; x_wconf 92' lang='lat' dir='ltr'>illos</span> <span class='ocrx_word' id='word_1_125' title='bbox 652 1899 832 1962; x_wconf 90' lang='lat' dir='ltr'>proponens</span> <span class='ocrx_word' id='word_1_126' title='bbox 854 1877 1067 1942; x_wconf 87' lang='lat' dir='ltr'>intentionem</span> <span class='ocrx_word' id='word_1_127' title='bbox 1089 1875 1173 1954; x_wconf 88' lang='lat' dir='ltr'>eius,</span> <span class='ocrx_word' id='word_1_128' title='bbox 1203 1874 1257 1958; x_wconf 91' lang='lat' dir='ltr'>qui</span> 
     </span>
     <span class='ocr_line' id='line_1_16' title="bbox 109 1979 1258 2058; baseline 0.001 -17"><span class='ocrx_word' id='word_1_129' title='bbox 109 1979 201 2042; x_wconf 90' lang='lat' dir='ltr'>ambo</span> <span class='ocrx_word' id='word_1_130' title='bbox 233 1979 366 2045; x_wconf 89' lang='lat' dir='ltr'>indilate</span> <span class='ocrx_word' id='word_1_131' title='bbox 389 1981 516 2047; x_wconf 85' lang='lat' dir='ltr'>iverunt</span> <span class='ocrx_word' id='word_1_132' title='bbox 545 1983 584 2048; x_wconf 86' lang='lat' dir='ltr'>ed</span> <span class='ocrx_word' id='word_1_133' title='bbox 614 2005 694 2048; x_wconf 90' lang='lat' dir='ltr'>eum.</span> <span class='ocrx_word' id='word_1_134' title='bbox 742 1981 802 2048; x_wconf 85' lang='lat' dir='ltr'>Sed</span> <span class='ocrx_word' id='word_1_135' title='bbox 832 1983 940 2047; x_wconf 89' lang='lat' dir='ltr'>statim</span> <span class='ocrx_word' id='word_1_136' title='bbox 964 1983 1131 2047; x_wconf 87' lang='lat' dir='ltr'>redeuntes</span> <span class='ocrx_word' id='word_1_137' title='bbox 1158 1983 1258 2058; x_wconf 82' lang='lat' dir='ltr'>extra,</span> 
     </span>
     <span class='ocr_line' id='line_1_17' title="bbox 111 2083 1257 2167; baseline 0 -21"><span class='ocrx_word' id='word_1_138' title='bbox 111 2083 182 2167; x_wconf 92' lang='lat' dir='ltr'>quid</span> <span class='ocrx_word' id='word_1_139' title='bbox 208 2083 363 2164; x_wconf 89' lang='lat' dir='ltr'>fecerunt,</span> <span class='ocrx_word' id='word_1_140' title='bbox 387 2086 507 2162; x_wconf 72' lang='lat' dir='ltr'>nascier</span> <span class='ocrx_word' id='word_1_141' title='bbox 531 2087 613 2151; x_wconf 91' lang='lat' dir='ltr'>nihil</span> <span class='ocrx_word' id='word_1_142' title='bbox 636 2092 743 2153; x_wconf 87' lang='lat' dir='ltr'>tamen</span> <span class='ocrx_word' id='word_1_143' title='bbox 766 2087 976 2152; x_wconf 79' lang='lat' dir='ltr'>ordinationis</span> <span class='ocrx_word' id='word_1_144' title='bbox 992 2083 1176 2151; x_wconf 75' lang='lat' dir='ltr'>testamenti</span> <span class='ocrx_word' id='word_1_145' title='bbox 1200 2103 1257 2165; x_wconf 89' lang='lat' dir='ltr'>ap·</span> 
     </span>
     <span class='ocr_line' id='line_1_18' title="bbox 109 2187 1258 2278; baseline -0.003 -26"><span class='ocrx_word' id='word_1_146' title='bbox 109 2193 208 2272; x_wconf 83' lang='lat' dir='ltr'>parat.</span> <span class='ocrx_word' id='word_1_147' title='bbox 256 2187 324 2272; x_wconf 79' lang='lat' dir='ltr'>Ego</span> <span class='ocrx_word' id='word_1_148' title='bbox 350 2212 424 2255; x_wconf 87' lang='lat' dir='ltr'>vero</span> <span class='ocrx_word' id='word_1_149' title='bbox 455 2192 605 2275; x_wconf 85' lang='lat' dir='ltr'>opinatus</span> <span class='ocrx_word' id='word_1_150' title='bbox 634 2215 721 2272; x_wconf 90' lang='lat' dir='ltr'>sum,</span> <span class='ocrx_word' id='word_1_151' title='bbox 753 2193 836 2278; x_wconf 89' lang='lat' dir='ltr'>quod</span> <span class='ocrx_word' id='word_1_152' title='bbox 871 2191 955 2257; x_wconf 79' lang='lat' dir='ltr'>forte</span> <span class='ocrx_word' id='word_1_153' title='bbox 990 2193 1124 2274; x_wconf 89' lang='lat' dir='ltr'>propter</span> <span class='ocrx_word' id='word_1_154' title='bbox 1156 2187 1258 2252; x_wconf 89' lang='lat' dir='ltr'>maius</span> 
     </span>
     <span class='ocr_line' id='line_1_19' title="bbox 107 2293 1257 2385; baseline -0.001 -28"><span class='ocrx_word' id='word_1_155' title='bbox 107 2293 224 2358; x_wconf 90' lang='lat' dir='ltr'>bonum</span> <span class='ocrx_word' id='word_1_156' title='bbox 248 2295 499 2378; x_wconf 87' lang='lat' dir='ltr'>postposuissent</span> <span class='ocrx_word' id='word_1_157' title='bbox 521 2319 620 2385; x_wconf 88' lang='lat' dir='ltr'>usque</span> <span class='ocrx_word' id='word_1_158' title='bbox 648 2300 681 2362; x_wconf 92' lang='lat' dir='ltr'>in</span> <span class='ocrx_word' id='word_1_159' title='bbox 712 2299 895 2364; x_wconf 89' lang='lat' dir='ltr'>crastinum.</span> <span class='ocrx_word' id='word_1_160' title='bbox 941 2297 983 2362; x_wconf 82' lang='lat' dir='ltr'>Et</span> <span class='ocrx_word' id='word_1_161' title='bbox 1017 2318 1091 2362; x_wconf 90' lang='lat' dir='ltr'>cum</span> <span class='ocrx_word' id='word_1_162' title='bbox 1113 2293 1257 2360; x_wconf 86' lang='lat' dir='ltr'>volebam</span> 
     </span>
     <span class='ocr_line' id='line_1_20' title="bbox 107 2397 1257 2488; baseline 0 -27"><span class='ocrx_word' id='word_1_163' title='bbox 107 2397 153 2462; x_wconf 91' lang='lat' dir='ltr'>ire</span> <span class='ocrx_word' id='word_1_164' title='bbox 175 2398 214 2462; x_wconf 87' lang='lat' dir='ltr'>ad</span> <span class='ocrx_word' id='word_1_165' title='bbox 234 2397 408 2482; x_wconf 87' lang='lat' dir='ltr'>hospitium</span> <span class='ocrx_word' id='word_1_166' title='bbox 423 2407 577 2481; x_wconf 85' lang='lat' dir='ltr'>nostrum,</span> <span class='ocrx_word' id='word_1_167' title='bbox 602 2409 796 2488; x_wconf 81' lang='lat' dir='ltr'>rogaverunt</span> <span class='ocrx_word' id='word_1_168' title='bbox 812 2403 946 2488; x_wconf 87' lang='lat' dir='ltr'>predicti</span> <span class='ocrx_word' id='word_1_169' title='bbox 963 2401 1082 2468; x_wconf 88' lang='lat' dir='ltr'>domini</span> <span class='ocrx_word' id='word_1_170' title='bbox 1108 2402 1140 2464; x_wconf 88' lang='lat' dir='ltr'>et</span> <span class='ocrx_word' id='word_1_171' title='bbox 1164 2397 1257 2476; x_wconf 82' lang='lat' dir='ltr'>servi,</span> 
     </span>
     <span class='ocr_line' id='line_1_21' title="bbox 107 2501 1256 2587; baseline -0.001 -21"><span class='ocrx_word' id='word_1_172' title='bbox 107 2505 143 2566; x_wconf 92' lang='lat' dir='ltr'>ut</span> <span class='ocrx_word' id='word_1_173' title='bbox 166 2524 328 2567; x_wconf 87' lang='lat' dir='ltr'>manerem</span> <span class='ocrx_word' id='word_1_174' title='bbox 350 2505 398 2569; x_wconf 87' lang='lat' dir='ltr'>vel</span> <span class='ocrx_word' id='word_1_175' title='bbox 433 2507 566 2571; x_wconf 87' lang='lat' dir='ltr'>redirem</span> <span class='ocrx_word' id='word_1_176' title='bbox 590 2528 663 2571; x_wconf 89' lang='lat' dir='ltr'>cum</span> <span class='ocrx_word' id='word_1_177' title='bbox 684 2508 785 2586; x_wconf 87' lang='lat' dir='ltr'>socio,</span> <span class='ocrx_word' id='word_1_178' title='bbox 809 2512 962 2573; x_wconf 84' lang='lat' dir='ltr'>atessam</span> <span class='ocrx_word' id='word_1_179' title='bbox 986 2527 1058 2570; x_wconf 91' lang='lat' dir='ltr'>cum</span> <span class='ocrx_word' id='word_1_180' title='bbox 1082 2504 1144 2584; x_wconf 86' lang='lat' dir='ltr'>eis,</span> <span class='ocrx_word' id='word_1_181' title='bbox 1172 2501 1256 2587; x_wconf 91' lang='lat' dir='ltr'>quod</span> 
     </span>
     <span class='ocr_line' id='line_1_22' title="bbox 107 2607 1257 2684; baseline -0.002 -12"><span class='ocrx_word' id='word_1_182' title='bbox 107 2611 139 2672; x_wconf 92' lang='lat' dir='ltr'>et</span> <span class='ocrx_word' id='word_1_183' title='bbox 161 2607 304 2672; x_wconf 84' lang='lat' dir='ltr'>fecimus.</span> <span class='ocrx_word' id='word_1_184' title='bbox 352 2609 393 2674; x_wconf 81' lang='lat' dir='ltr'>m</span> <span class='ocrx_word' id='word_1_185' title='bbox 420 2612 538 2676; x_wconf 85' lang='lat' dir='ltr'>reversi</span> <span class='ocrx_word' id='word_1_186' title='bbox 560 2611 739 2678; x_wconf 86' lang='lat' dir='ltr'>invenimus</span> <span class='ocrx_word' id='word_1_187' title='bbox 762 2631 814 2676; x_wconf 87' lang='lat' dir='ltr'>eos</span> <span class='ocrx_word' id='word_1_188' title='bbox 847 2611 878 2674; x_wconf 89' lang='lat' dir='ltr'>in</span> <span class='ocrx_word' id='word_1_189' title='bbox 902 2610 1071 2676; x_wconf 88' lang='lat' dir='ltr'>collatione</span> <span class='ocrx_word' id='word_1_190' title='bbox 1093 2609 1192 2684; x_wconf 87' lang='lat' dir='ltr'>letos,</span> <span class='ocrx_word' id='word_1_191' title='bbox 1225 2609 1257 2670; x_wconf 88' lang='lat' dir='ltr'>et</span> 
     </span>
     <span class='ocr_line' id='line_1_23' title="bbox 106 2711 1257 2796; baseline -0.003 -20"><span class='ocrx_word' id='word_1_192' title='bbox 106 2713 175 2796; x_wconf 90' lang='lat' dir='ltr'>ipse</span> <span class='ocrx_word' id='word_1_193' title='bbox 198 2712 345 2778; x_wconf 87' lang='lat' dir='ltr'>dominus</span> <span class='ocrx_word' id='word_1_194' title='bbox 367 2715 472 2780; x_wconf 87' lang='lat' dir='ltr'>iacens</span> <span class='ocrx_word' id='word_1_195' title='bbox 495 2717 528 2780; x_wconf 94' lang='lat' dir='ltr'>in</span> <span class='ocrx_word' id='word_1_196' title='bbox 552 2715 634 2782; x_wconf 92' lang='lat' dir='ltr'>lecto</span> <span class='ocrx_word' id='word_1_197' title='bbox 665 2717 800 2782; x_wconf 86' lang='lat' dir='ltr'>sabens</span> <span class='ocrx_word' id='word_1_198' title='bbox 823 2716 946 2782; x_wconf 87' lang='lat' dir='ltr'>habuit.</span> <span class='ocrx_word' id='word_1_199' title='bbox 993 2714 1127 2780; x_wconf 80' lang='lat' dir='ltr'>Domum</span> <span class='ocrx_word' id='word_1_200' title='bbox 1150 2711 1257 2796; x_wconf 86' lang='lat' dir='ltr'>posuit</span> 
     </span>
     <span class='ocr_line' id='line_1_24' title="bbox 103 2819 1257 2904; baseline 0 -22"><span class='ocrx_word' id='word_1_201' title='bbox 103 2839 136 2882; x_wconf 90' lang='lat' dir='ltr'>se</span> <span class='ocrx_word' id='word_1_202' title='bbox 156 2819 376 2904; x_wconf 89' lang='lat' dir='ltr'>unusquisque</span> <span class='ocrx_word' id='word_1_203' title='bbox 397 2821 434 2885; x_wconf 90' lang='lat' dir='ltr'>ad</span> <span class='ocrx_word' id='word_1_204' title='bbox 459 2821 563 2886; x_wconf 90' lang='lat' dir='ltr'>locum</span> <span class='ocrx_word' id='word_1_205' title='bbox 585 2843 677 2886; x_wconf 89' lang='lat' dir='ltr'>suum</span> <span class='ocrx_word' id='word_1_206' title='bbox 700 2821 734 2886; x_wconf 92' lang='lat' dir='ltr'>in</span> <span class='ocrx_word' id='word_1_207' title='bbox 758 2821 866 2888; x_wconf 87' lang='lat' dir='ltr'>eadem</span> <span class='ocrx_word' id='word_1_208' title='bbox 890 2841 1023 2898; x_wconf 87' lang='lat' dir='ltr'>camera,</span> <span class='ocrx_word' id='word_1_209' title='bbox 1047 2822 1079 2882; x_wconf 89' lang='lat' dir='ltr'>ot</span> <span class='ocrx_word' id='word_1_210' title='bbox 1101 2838 1160 2902; x_wconf 84' lang='lat' dir='ltr'>ego</span> <span class='ocrx_word' id='word_1_211' title='bbox 1182 2838 1257 2900; x_wconf 90' lang='lat' dir='ltr'>pro-</span> 
     </span>
     <span class='ocr_line' id='line_1_25' title="bbox 103 2923 1256 3006; baseline 0 -20"><span class='ocrx_word' id='word_1_212' title='bbox 103 2923 176 3006; x_wconf 86' lang='lat' dir='ltr'>pius</span> <span class='ocrx_word' id='word_1_213' title='bbox 193 2945 279 2986; x_wconf 87' lang='lat' dir='ltr'>eram</span> <span class='ocrx_word' id='word_1_214' title='bbox 295 2924 372 3001; x_wconf 84' lang='lat' dir='ltr'>sibi3</span> <span class='ocrx_word' id='word_1_215' title='bbox 395 2923 558 2990; x_wconf 83' lang='lat' dir='ltr'>Johannes</span> <span class='ocrx_word' id='word_1_216' title='bbox 572 2949 647 2992; x_wconf 83' lang='lat' dir='ltr'>vcro</span> <span class='ocrx_word' id='word_1_217' title='bbox 663 2948 755 2993; x_wconf 90' lang='lat' dir='ltr'>cocus</span> <span class='ocrx_word' id='word_1_218' title='bbox 778 2931 810 2992; x_wconf 89' lang='lat' dir='ltr'>et</span> <span class='ocrx_word' id='word_1_219' title='bbox 826 2947 934 2991; x_wconf 85' lang='lat' dir='ltr'>servus</span> <span class='ocrx_word' id='word_1_220' title='bbox 951 2925 1071 2990; x_wconf 68' lang='lat' dir='ltr'>liukart</span> <span class='ocrx_word' id='word_1_221' title='bbox 1086 2923 1256 2989; x_wconf 88' lang='lat' dir='ltr'>voluerunt</span> 
     </span>
     <span class='ocr_line' id='line_1_26' title="bbox 103 3026 1256 3117; baseline 0 -25"><span class='ocrx_word' id='word_1_222' title='bbox 103 3027 245 3112; x_wconf 88' lang='lat' dir='ltr'>primam</span> <span class='ocrx_word' id='word_1_223' title='bbox 261 3028 405 3112; x_wconf 84' lang='lat' dir='ltr'>vigiliam</span> <span class='ocrx_word' id='word_1_224' title='bbox 420 3033 539 3110; x_wconf 90' lang='lat' dir='ltr'>tenere,</span> <span class='ocrx_word' id='word_1_225' title='bbox 564 3035 596 3096; x_wconf 90' lang='lat' dir='ltr'>et</span> <span class='ocrx_word' id='word_1_226' title='bbox 618 3053 678 3117; x_wconf 81' lang='lat' dir='ltr'>ego</span> <span class='ocrx_word' id='word_1_227' title='bbox 701 3053 772 3097; x_wconf 90' lang='lat' dir='ltr'>cum</span> <span class='ocrx_word' id='word_1_228' title='bbox 796 3031 880 3096; x_wconf 89' lang='lat' dir='ltr'>socio</span> <span class='ocrx_word' id='word_1_229' title='bbox 903 3052 972 3096; x_wconf 85' lang='lat' dir='ltr'>meo</span> <span class='ocrx_word' id='word_1_230' title='bbox 988 3029 1167 3095; x_wconf 85' lang='lat' dir='ltr'>secundum.</span> <span class='ocrx_word' id='word_1_231' title='bbox 1214 3026 1256 3092; x_wconf 83' lang='lat' dir='ltr'>Et</span> 
     </span>
     <span class='ocr_line' id='line_1_27' title="bbox 103 3134 1255 3222; baseline -0.002 -22"><span class='ocrx_word' id='word_1_232' title='bbox 103 3135 186 3200; x_wconf 87' lang='lat' dir='ltr'>forte</span> <span class='ocrx_word' id='word_1_233' title='bbox 210 3134 294 3198; x_wconf 88' lang='lat' dir='ltr'>circa</span> <span class='ocrx_word' id='word_1_234' title='bbox 317 3155 432 3199; x_wconf 88' lang='lat' dir='ltr'>nonam</span> <span class='ocrx_word' id='word_1_235' title='bbox 454 3135 566 3200; x_wconf 87' lang='lat' dir='ltr'>horam</span> <span class='ocrx_word' id='word_1_236' title='bbox 588 3136 708 3220; x_wconf 89' lang='lat' dir='ltr'>incepit</span> <span class='ocrx_word' id='word_1_237' title='bbox 730 3158 763 3202; x_wconf 92' lang='lat' dir='ltr'>se</span> <span class='ocrx_word' id='word_1_238' title='bbox 785 3158 856 3202; x_wconf 89' lang='lat' dir='ltr'>cum</span> <span class='ocrx_word' id='word_1_239' title='bbox 880 3135 1016 3222; x_wconf 88' lang='lat' dir='ltr'>quodam</span> <span class='ocrx_word' id='word_1_240' title='bbox 1039 3134 1162 3218; x_wconf 87' lang='lat' dir='ltr'>impetu</span> <span class='ocrx_word' id='word_1_241' title='bbox 1186 3155 1255 3198; x_wconf 90' lang='lat' dir='ltr'>mu·</span> 
     </span>
     <span class='ocr_line' id='line_1_28' title="bbox 104 3238 1254 3322; baseline -0.002 -16"><span class='ocrx_word' id='word_1_242' title='bbox 104 3247 189 3320; x_wconf 88' lang='lat' dir='ltr'>tare;</span> <span class='ocrx_word' id='word_1_243' title='bbox 215 3247 292 3303; x_wconf 89' lang='lat' dir='ltr'>tunc</span> <span class='ocrx_word' id='word_1_244' title='bbox 314 3240 425 3304; x_wconf 86' lang='lat' dir='ltr'>statim</span> <span class='ocrx_word' id='word_1_245' title='bbox 447 3260 556 3305; x_wconf 88' lang='lat' dir='ltr'>omnes</span> <span class='ocrx_word' id='word_1_246' title='bbox 577 3241 791 3322; x_wconf 83' lang='lat' dir='ltr'>surreximus,</span> <span class='ocrx_word' id='word_1_247' title='bbox 815 3241 1020 3308; x_wconf 79' lang='lat' dir='ltr'>exhortantes</span> <span class='ocrx_word' id='word_1_248' title='bbox 1043 3261 1114 3304; x_wconf 90' lang='lat' dir='ltr'>eum</span> <span class='ocrx_word' id='word_1_249' title='bbox 1137 3241 1169 3304; x_wconf 91' lang='lat' dir='ltr'>in</span> <span class='ocrx_word' id='word_1_250' title='bbox 1193 3238 1254 3304; x_wconf 89' lang='lat' dir='ltr'>fide</span> 
     </span>
     <span class='ocr_line' id='line_1_29' title="bbox 103 3343 1256 3430; baseline -0.002 -18"><span class='ocrx_word' id='word_1_251' title='bbox 103 3344 265 3412; x_wconf 88' lang='lat' dir='ltr'>catholica</span> <span class='ocrx_word' id='word_1_252' title='bbox 294 3348 326 3408; x_wconf 92' lang='lat' dir='ltr'>et</span> <span class='ocrx_word' id='word_1_253' title='bbox 349 3345 495 3428; x_wconf 87' lang='lat' dir='ltr'>passione</span> <span class='ocrx_word' id='word_1_254' title='bbox 518 3343 638 3410; x_wconf 83' lang='lat' dir='ltr'>Christi</span> <span class='ocrx_word' id='word_1_255' title='bbox 660 3345 854 3412; x_wconf 88' lang='lat' dir='ltr'>fidelissime.</span> <span class='ocrx_word' id='word_1_256' title='bbox 898 3345 970 3430; x_wconf 83' lang='lat' dir='ltr'>lpse</span> <span class='ocrx_word' id='word_1_257' title='bbox 992 3366 1067 3410; x_wconf 85' lang='lat' dir='ltr'>vero</span> <span class='ocrx_word' id='word_1_258' title='bbox 1090 3345 1201 3410; x_wconf 80' lang='lat' dir='ltr'>devote</span> <span class='ocrx_word' id='word_1_259' title='bbox 1224 3349 1256 3410; x_wconf 94' lang='lat' dir='ltr'>et</span> 
     </span>
     <span class='ocr_line' id='line_1_30' title="bbox 102 3449 1256 3537; baseline 0 -21"><span class='ocrx_word' id='word_1_260' title='bbox 102 3473 174 3518; x_wconf 88' lang='lat' dir='ltr'>cum</span> <span class='ocrx_word' id='word_1_261' title='bbox 201 3450 285 3515; x_wconf 88' lang='lat' dir='ltr'>hona</span> <span class='ocrx_word' id='word_1_262' title='bbox 309 3450 432 3516; x_wconf 88' lang='lat' dir='ltr'>ratione</span> <span class='ocrx_word' id='word_1_263' title='bbox 454 3471 578 3534; x_wconf 87' lang='lat' dir='ltr'>semper</span> <span class='ocrx_word' id='word_1_264' title='bbox 600 3451 781 3536; x_wconf 86' lang='lat' dir='ltr'>respondit,</span> <span class='ocrx_word' id='word_1_265' title='bbox 810 3450 893 3537; x_wconf 93' lang='lat' dir='ltr'>quod</span> <span class='ocrx_word' id='word_1_266' title='bbox 917 3451 1027 3516; x_wconf 86' lang='lat' dir='ltr'>firmus</span> <span class='ocrx_word' id='word_1_267' title='bbox 1050 3449 1148 3516; x_wconf 87' lang='lat' dir='ltr'>vellet</span> <span class='ocrx_word' id='word_1_268' title='bbox 1170 3455 1256 3516; x_wconf 90' lang='lat' dir='ltr'>stare</span> 
     </span>
     <span class='ocr_line' id='line_1_31' title="bbox 102 3553 1255 3640; baseline 0.003 -22"><span class='ocrx_word' id='word_1_269' title='bbox 102 3555 134 3620; x_wconf 90' lang='lat' dir='ltr'>ia</span> <span class='ocrx_word' id='word_1_270' title='bbox 158 3555 224 3620; x_wconf 89' lang='lat' dir='ltr'>lide</span> <span class='ocrx_word' id='word_1_271' title='bbox 246 3554 330 3618; x_wconf 91' lang='lat' dir='ltr'>sicut</span> <span class='ocrx_word' id='word_1_272' title='bbox 354 3556 454 3619; x_wconf 90' lang='lat' dir='ltr'>bonus</span> <span class='ocrx_word' id='word_1_273' title='bbox 478 3553 676 3632; x_wconf 68' lang='lat' dir='ltr'>catholicum</span> <span class='ocrx_word' id='word_1_274' title='bbox 711 3561 742 3622; x_wconf 90' lang='lat' dir='ltr'>et</span> <span class='ocrx_word' id='word_1_275' title='bbox 765 3557 850 3623; x_wconf 87' lang='lat' dir='ltr'>circa</span> <span class='ocrx_word' id='word_1_276' title='bbox 872 3556 1024 3622; x_wconf 86' lang='lat' dir='ltr'>decimam</span> <span class='ocrx_word' id='word_1_277' title='bbox 1047 3556 1159 3621; x_wconf 90' lang='lat' dir='ltr'>horam</span> <span class='ocrx_word' id='word_1_278' title='bbox 1182 3579 1255 3640; x_wconf 90' lang='lat' dir='ltr'>per-</span> 
     </span>
     <span class='ocr_line' id='line_1_32' title="bbox 103 3661 1255 3747; baseline -0.002 -17"><span class='ocrx_word' id='word_1_279' title='bbox 103 3665 184 3730; x_wconf 85' lang='lat' dir='ltr'>didit</span> <span class='ocrx_word' id='word_1_280' title='bbox 208 3661 388 3747; x_wconf 83' lang='lat' dir='ltr'>loquelam,</span> <span class='ocrx_word' id='word_1_281' title='bbox 421 3662 504 3727; x_wconf 91' lang='lat' dir='ltr'>ratio</span> <span class='ocrx_word' id='word_1_282' title='bbox 527 3667 633 3727; x_wconf 88' lang='lat' dir='ltr'>tamen</span> <span class='ocrx_word' id='word_1_283' title='bbox 663 3685 786 3747; x_wconf 88' lang='lat' dir='ltr'>semper</span> <span class='ocrx_word' id='word_1_284' title='bbox 817 3663 935 3727; x_wconf 87' lang='lat' dir='ltr'>mansit</span> <span class='ocrx_word' id='word_1_285' title='bbox 957 3683 1057 3746; x_wconf 90' lang='lat' dir='ltr'>usque</span> <span class='ocrx_word' id='word_1_286' title='bbox 1087 3662 1127 3726; x_wconf 88' lang='lat' dir='ltr'>ad</span> <span class='ocrx_word' id='word_1_287' title='bbox 1150 3662 1255 3728; x_wconf 90' lang='lat' dir='ltr'>linem.</span> 
     </span>
     <span class='ocr_line' id='line_1_33' title="bbox 105 3767 1255 3854; baseline -0.003 -20"><span class='ocrx_word' id='word_1_288' title='bbox 105 3769 143 3834; x_wconf 86' lang='lat' dir='ltr'>Et</span> <span class='ocrx_word' id='word_1_289' title='bbox 164 3771 298 3836; x_wconf 87' lang='lat' dir='ltr'>demum</span> <span class='ocrx_word' id='word_1_290' title='bbox 321 3767 479 3834; x_wconf 85' lang='lat' dir='ltr'>laboravit</span> <span class='ocrx_word' id='word_1_291' title='bbox 502 3769 535 3832; x_wconf 89' lang='lat' dir='ltr'>in</span> <span class='ocrx_word' id='word_1_292' title='bbox 559 3769 604 3853; x_wconf 91' lang='lat' dir='ltr'>[p.</span> <span class='ocrx_word' id='word_1_293' title='bbox 626 3769 701 3854; x_wconf 88' lang='lat'>113]</span> <span class='ocrx_word' id='word_1_294' title='bbox 724 3770 849 3854; x_wconf 84' lang='lat' dir='ltr'>magnis</span> <span class='ocrx_word' id='word_1_295' title='bbox 865 3769 1042 3846; x_wconf 89' lang='lat' dir='ltr'>sudoribus,</span> <span class='ocrx_word' id='word_1_296' title='bbox 1065 3767 1255 3852; x_wconf 82' lang='lat' dir='ltr'>frigiditatis</span> 
     </span>
     <span class='ocr_line' id='line_1_34' title="bbox 103 3871 1254 3957; baseline -0.004 -16"><span class='ocrx_word' id='word_1_297' title='bbox 103 3877 253 3941; x_wconf 86' lang='lat' dir='ltr'>manibus</span> <span class='ocrx_word' id='word_1_298' title='bbox 277 3877 309 3938; x_wconf 89' lang='lat' dir='ltr'>et</span> <span class='ocrx_word' id='word_1_299' title='bbox 332 3873 474 3957; x_wconf 90' lang='lat' dir='ltr'>pedibus.</span> <span class='ocrx_word' id='word_1_300' title='bbox 521 3873 562 3938; x_wconf 87' lang='lat' dir='ltr'>Et</span> <span class='ocrx_word' id='word_1_301' title='bbox 585 3875 668 3940; x_wconf 87' lang='lat' dir='ltr'>circa</span> <span class='ocrx_word' id='word_1_302' title='bbox 685 3875 884 3940; x_wconf 87' lang='lat' dir='ltr'>undecimam</span> <span class='ocrx_word' id='word_1_303' title='bbox 906 3874 1017 3939; x_wconf 89' lang='lat' dir='ltr'>horam</span> <span class='ocrx_word' id='word_1_304' title='bbox 1039 3871 1160 3956; x_wconf 90' lang='lat' dir='ltr'>incepit</span> <span class='ocrx_word' id='word_1_305' title='bbox 1182 3893 1254 3936; x_wconf 87' lang='lat' dir='ltr'>evo·</span> 
     </span>
     <span class='ocr_line' id='line_1_35' title="bbox 103 3973 1253 4063; baseline -0.008 -18"><span class='ocrx_word' id='word_1_306' title='bbox 103 4002 186 4046; x_wconf 90' lang='lat' dir='ltr'>merc</span> <span class='ocrx_word' id='word_1_307' title='bbox 210 3977 376 4062; x_wconf 91' lang='lat' dir='ltr'>copiosam</span> <span class='ocrx_word' id='word_1_308' title='bbox 395 3977 562 4042; x_wconf 85' lang='lat' dir='ltr'>materiam</span> <span class='ocrx_word' id='word_1_309' title='bbox 585 3979 727 4063; x_wconf 83' lang='lat' dir='ltr'>nigram,</span> <span class='ocrx_word' id='word_1_310' title='bbox 759 3983 791 4043; x_wconf 91' lang='lat' dir='ltr'>et</span> <span class='ocrx_word' id='word_1_311' title='bbox 815 3999 872 4043; x_wconf 90' lang='lat' dir='ltr'>nos</span> <span class='ocrx_word' id='word_1_312' title='bbox 896 4000 965 4042; x_wconf 91' lang='lat' dir='ltr'>eum</span> <span class='ocrx_word' id='word_1_313' title='bbox 989 3975 1117 4042; x_wconf 88' lang='lat' dir='ltr'>fortiter</span> <span class='ocrx_word' id='word_1_314' title='bbox 1139 3973 1253 4037; x_wconf 89' lang='lat' dir='ltr'>exhor·</span> 
     </span>
     <span class='ocr_line' id='line_1_36' title="bbox 103 4079 1254 4171; baseline -0.01 -20"><span class='ocrx_word' id='word_1_315' title='bbox 103 4087 253 4151; x_wconf 78' lang='lat' dir='ltr'>labamur</span> <span class='ocrx_word' id='word_1_316' title='bbox 277 4083 394 4146; x_wconf 90' lang='lat' dir='ltr'>iterum</span> <span class='ocrx_word' id='word_1_317' title='bbox 425 4082 463 4146; x_wconf 91' lang='lat' dir='ltr'>de</span> <span class='ocrx_word' id='word_1_318' title='bbox 486 4081 547 4147; x_wconf 88' lang='lat' dir='ltr'>fids</span> <span class='ocrx_word' id='word_1_319' title='bbox 569 4085 602 4147; x_wconf 91' lang='lat' dir='ltr'>et</span> <span class='ocrx_word' id='word_1_320' title='bbox 625 4084 770 4167; x_wconf 86' lang='lat' dir='ltr'>passione</span> <span class='ocrx_word' id='word_1_321' title='bbox 793 4080 930 4162; x_wconf 81' lang='lat' dir='ltr'>Christi,</span> <span class='ocrx_word' id='word_1_322' title='bbox 962 4086 994 4146; x_wconf 91' lang='lat' dir='ltr'>et</span> <span class='ocrx_word' id='word_1_323' title='bbox 1016 4079 1115 4171; x_wconf 88' lang='lat' dir='ltr'>petivi</span> <span class='ocrx_word' id='word_1_324' title='bbox 1146 4079 1185 4142; x_wconf 88' lang='lat' dir='ltr'>ab</span> <span class='ocrx_word' id='word_1_325' title='bbox 1217 4098 1254 4141; x_wconf 88' lang='lat' dir='ltr'>eo</span> 
     </span>
    </p>
   </div>
   <div class='ocr_carea' id='block_1_3' title="bbox 100 4187 1253 4488">
    <p class='ocr_par' dir='ltr' id='par_1_3' title="bbox 100 4187 1253 4488">
     <span class='ocr_line' id='line_1_37' title="bbox 170 4187 1253 4309; baseline -0.007 -14"><span class='ocrx_word' id='word_1_326' title='bbox 170 4243 182 4295; x_wconf 93' lang='lat' dir='ltr'>l</span> <span class='ocrx_word' id='word_1_327' title='bbox 198 4239 257 4297; x_wconf 89' lang='lat' dir='ltr'>Vor</span> <span class='ocrx_word' id='word_1_328' title='bbox 272 4237 511 4294; x_wconf 74' lang='lat' dir='ltr'>»rationabiliter«</span> <span class='ocrx_word' id='word_1_329' title='bbox 527 4237 584 4292; x_wconf 88' lang='lat' dir='ltr'>uad</span> <span class='ocrx_word' id='word_1_330' title='bbox 596 4187 838 4309; x_wconf 52' lang='lat' dir='ltr'>nachhsxpoeuit«</span> <span class='ocrx_word' id='word_1_331' title='bbox 855 4237 930 4293; x_wconf 84' lang='lat' dir='ltr'>steht</span> <span class='ocrx_word' id='word_1_332' title='bbox 942 4237 980 4292; x_wconf 90' lang='lat' dir='ltr'>im</span> <span class='ocrx_word' id='word_1_333' title='bbox 991 4237 1068 4290; x_wconf 82' lang='lat' dir='ltr'>texte</span> <span class='ocrx_word' id='word_1_334' title='bbox 1076 4235 1106 4305; x_wconf 91' lang='lat' dir='ltr'>je</span> <span class='ocrx_word' id='word_1_335' title='bbox 1119 4233 1164 4288; x_wconf 90' lang='lat' dir='ltr'>ein</span> <span class='ocrx_word' id='word_1_336' title='bbox 1174 4236 1253 4297; x_wconf 82' lang='lat' dir='ltr'>wort,</span> 
     </span>
     <span class='ocr_line' id='line_1_38' title="bbox 101 4320 1253 4397; baseline -0.003 -15"><span class='ocrx_word' id='word_1_337' title='bbox 101 4327 145 4384; x_wconf 87' lang='lat' dir='ltr'>die</span> <span class='ocrx_word' id='word_1_338' title='bbox 162 4329 233 4386; x_wconf 84' lang='lat' dir='ltr'>aber</span> <span class='ocrx_word' id='word_1_339' title='bbox 252 4325 454 4397; x_wconf 81' lang='lat' dir='ltr'>(snschsinsnd</span> <span class='ocrx_word' id='word_1_340' title='bbox 474 4342 527 4382; x_wconf 82' lang='lat' dir='ltr'>von</span> <span class='ocrx_word' id='word_1_341' title='bbox 545 4329 670 4397; x_wconf 77' lang='lat' dir='ltr'>ephterer</span> <span class='ocrx_word' id='word_1_342' title='bbox 689 4326 776 4395; x_wconf 79' lang='lat' dir='ltr'>hand)</span> <span class='ocrx_word' id='word_1_343' title='bbox 803 4345 833 4384; x_wconf 88' lang='lat' dir='ltr'>so</span> <span class='ocrx_word' id='word_1_344' title='bbox 850 4323 1061 4381; x_wconf 81' lang='lat' dir='ltr'>durchrtricheu</span> <span class='ocrx_word' id='word_1_345' title='bbox 1087 4320 1163 4386; x_wconf 86' lang='lat' dir='ltr'>sind,</span> <span class='ocrx_word' id='word_1_346' title='bbox 1188 4321 1253 4386; x_wconf 75' lang='lat' dir='ltr'>dass</span> 
     </span>
     <span class='ocr_line' id='line_1_39' title="bbox 100 4412 670 4488; baseline 0.004 -18"><span class='ocrx_word' id='word_1_347' title='bbox 100 4414 160 4474; x_wconf 85' lang='lat' dir='ltr'>eine</span> <span class='ocrx_word' id='word_1_348' title='bbox 178 4413 373 4484; x_wconf 77' lang='lat' dir='ltr'>eutaifferuag</span> <span class='ocrx_word' id='word_1_349' title='bbox 390 4412 468 4470; x_wconf 83' lang='lat' dir='ltr'>nicht</span> <span class='ocrx_word' id='word_1_350' title='bbox 486 4414 607 4488; x_wconf 79' lang='lat' dir='ltr'>moglich</span> <span class='ocrx_word' id='word_1_351' title='bbox 624 4415 670 4472; x_wconf 87' lang='lat' dir='ltr'>iet.</span> 
     </span>
    </p>
   </div>
   <div class='ocr_carea' id='block_1_4' title="bbox 0 0 1532 4942">
    <p class='ocr_par' dir='ltr' id='par_1_4' title="bbox 0 0 1532 4942">
     <span class='ocr_line' id='line_1_40' title="bbox 0 0 1532 4942; baseline 0 3"><span class='ocrx_word' id='word_1_352' title='bbox 0 0 1532 4942; x_wconf 95' lang='lat' dir='ltr'> </span> 
     </span>
    </p>
   </div>
  </div>
 </body>
</html>
