3054 4944
802 349 866 414 282

290 519 337 586 De
359 543 484 588 carcere
507 523 539 586 in
564 523 632 587 loeo
655 521 809 604 calvarie,
833 523 867 588 in
890 547 985 610 quem
1009 525 1149 592 inclusus
1171 525 1234 592 fuit
1258 525 1379 592 Ihesus.

350 677 358 692 .
384 677 391 692 .
417 677 424 692 .
448 628 509 692 iste
524 649 631 693 carcer
654 629 747 693 hodie
766 629 945 694 ostenditur
967 635 999 696 et
1016 632 1166 697 visitatur
1188 632 1410 716 speregrinis,

261 737 294 795 et
316 735 366 796 est
389 734 421 796 in
439 733 559 816 templo
575 734 724 798 dominici
739 734 899 820 sepulchri
922 735 956 800 in
980 737 1079 801 lutere
1095 758 1204 802 versus
1220 737 1411 822 aquilonem,

262 837 294 900 in
320 859 390 936 qno·
406 860 464 923 per
486 839 537 903 dei
553 841 691 922 gratiam
715 840 790 904 lieet
805 841 960 921 indevote,
984 841 1116 927 indigne
1137 843 1243 926 sepina
1258 865 1409 928 persona·

260 942 337 1006 liter
359 941 424 1022 fui,
448 949 481 1007 ct
501 949 577 1008 snnt
600 943 800 1029 indulgentie
822 951 943 1030 septem
965 968 1123 1012 annorum
1156 956 1189 1013 et
1211 953 1337 1032 septem
1360 971 1411 1015 ce·

261 1069 408 1112 renerum
425 1047 446 1114 ¹.
1426 1061 1429 1068 '

285 1149 332 1236 [p.
357 1151 436 1236 249]
463 1152 509 1217 De
532 1153 687 1220 divisione
709 1157 974 1222 vestimentorum
997 1162 1029 1223 et
1051 1157 1132 1238 loco,
1155 1159 1211 1225 ubi
1235 1159 1392 1224 miserunt

772 1268 902 1330 sortem.

347 1414 354 1428 .
382 1411 388 1425 .
414 1411 421 1425 .
447 1360 497 1448 [p.
513 1363 591 1448 250]
609 1414 616 1430 .
635 1415 643 1430 .
661 1417 668 1431 .
685 1371 717 1431 et
739 1367 795 1432 ille
811 1367 907 1450 loeus,
932 1368 987 1433 ubi
1009 1367 1110 1434 diviso
1131 1373 1206 1433 sunt
1222 1369 1411 1434 vestimento

261 1467 392 1547 Christi,
417 1473 450 1533 et
472 1470 527 1535 ubi
542 1473 698 1538 miserunt
714 1479 842 1554 sortem,
865 1475 1044 1540 ostenditur
1066 1475 1099 1539 in
1123 1473 1244 1557 templo
1259 1473 1409 1538 dominici

261 1572 419 1655 sepulchri
443 1579 529 1639 retro
552 1575 694 1657 chorum,
717 1580 835 1645 directe
850 1602 958 1645 versus
980 1581 1149 1660 orientem,
1171 1584 1203 1644 et
1224 1583 1273 1643 est
1296 1579 1341 1642 ibi
1365 1580 1410 1644 al-

262 1681 331 1741 tare
353 1677 503 1758 locatum,
527 1686 561 1746 et
581 1683 732 1749 visitatur
754 1685 969 1770 aperogrinis
991 1689 1024 1749 et
1046 1689 1122 1750 sunt
1143 1684 1189 1749 ibi
1212 1683 1411 1768 indulgentie

260 1785 381 1866 septem
406 1806 560 1851 annorum
585 1793 617 1852 et
638 1794 761 1873 septem
784 1811 982 1855 caronarum.

327 1887 376 1974 [p.
400 1889 482 1976 251]
507 1889 554 1955 De
576 1892 655 1974 loeo,
678 1897 732 1960 ubi
757 1894 903 1961 Christus
925 1901 1062 1961 matrem
1085 1915 1173 1960 suem
1197 1891 1339 1958 Johanni

700 2001 976 2067 recommendavit.

348 2149 356 2165 .
380 2149 387 2165 .
412 2149 419 2164 .
443 2100 504 2165 iste
525 2101 624 2183 locus,
647 2106 701 2170 ubi
718 2105 821 2171 Maria
843 2128 914 2172 cum
937 2106 1009 2171 aliis
1024 2109 1168 2184 steterat,
1192 2104 1318 2189 quando
1341 2125 1410 2168 eam

261 2202 406 2268 lohanni
430 2208 716 2287 recommendabat,
740 2211 848 2275 ested
872 2211 956 2276 letus
978 2210 1144 2275 sinistrum
1167 2208 1228 2274 loci
1253 2209 1303 2272 vel
1325 2208 1410 2274 fors·

263 2307 367 2388 minis,
390 2309 445 2373 ubi
469 2331 547 2374 crux
570 2332 643 2377 cum
666 2313 760 2379 lhesu
783 2318 934 2395 steterat,
957 2318 989 2379 et
1011 2335 1070 2398 pro
1093 2313 1239 2397 partein
1263 2313 1412 2397 opposito

259 2413 330 2477 loci.
379 2413 421 2478 Et
443 2416 536 2481 modo
560 2421 609 2483 est
631 2421 762 2504 proprie
785 2421 926 2504 capella,
950 2425 981 2485 et
1005 2419 1125 2484 habent
1147 2439 1216 2482 eam
1239 2417 1270 2481 in
1297 2439 1357 2483 usu
1380 2423 1411 2482 et

260 2517 294 2580 in
317 2518 460 2583 custodie
481 2519 632 2602 Yndieni,
657 2523 721 2588 alio
744 2525 871 2590 nomine
896 2525 1053 2605 Abassini,
1078 2527 1110 2588 et
1131 2529 1265 2608 possunt
1289 2523 1411 2588 intrare

258 2627 290 2686 et
321 2623 407 2688 exire
437 2626 606 2691 secundum
629 2627 757 2694 libitum
783 2651 901 2710 eorum,
935 2631 1010 2715 quia
1044 2631 1138 2713 porte
1170 2629 1237 2693 sive
1258 2628 1411 2692 introitus

258 2727 378 2811 capelle
407 2733 456 2792 est
484 2735 575 2794 extra
597 2733 753 2816 templum
776 2735 925 2802 dominici
948 2733 1108 2819 sepulchri
1130 2755 1237 2798 versus
1261 2755 1408 2817 campum

258 2833 443 2918 spatiosum.
489 2835 530 2900 Et
553 2835 634 2902 hanc
657 2839 811 2923 cepellem
835 2841 968 2905 visitant
990 2839 1173 2924 peregrini,
1209 2845 1241 2904 et
1265 2843 1343 2903 sunt
1365 2839 1410 2902 ibi

257 2937 456 3024 indulgentie
486 2943 609 3024 septem
630 2965 787 3010 annorum
821 2951 854 3010 et
886 2949 1006 3030 septem
1031 2943 1245 3011 cerensrum'
1270 2995 1409 3011 .....

256 3112 306 3167 der
324 3129 436 3176 maner,
459 3111 546 3168 durch
566 3117 668 3173 welche
687 3118 761 3174 diese
779 3055 862 3189 porla
881 3119 992 3183 fdhrte,
1021 3117 1059 3174 ist
1077 3117 1123 3171 fur
1141 3117 1186 3173 die
1204 3119 1410 3188 entecheidung

257 3201 305 3254 der
324 3199 449 3254 echtheit
467 3200 533 3256 oder
551 3205 715 3261 unechtheit
733 3206 782 3261 des
801 3205 838 3262 hl.
852 3205 954 3276 grabes
966 3223 1020 3261 von
1039 3203 1155 3274 grosster
1169 3205 1332 3276 bedeutung
1350 3207 1408 3261 und

257 3287 369 3342 werden
388 3286 438 3340 vvir
457 3289 553 3344 weiter
571 3295 657 3346 unten
677 3294 729 3347 eui
744 3293 895 3348 denselben
914 3292 1159 3356 surdekkommeu.

330 3377 341 3427 l
363 3375 413 3428 Die
430 3375 470 3428 im
483 3377 706 3449 nschlolgenden
720 3381 919 3452 angegebenen
936 3381 1002 3437 oder
1016 3379 1231 3435 besohriebenen
1250 3380 1344 3450 plttze
1365 3381 1408 3436 be·

257 3463 349 3518 finden
369 3463 427 3517 sich
447 3464 503 3520 alle
530 3467 560 3521 in
586 3468 635 3523 der
658 3470 755 3525 kirche
781 3470 829 3525 des
848 3469 887 3525 hl.
908 3470 1018 3539 grabes.
1055 3469 1100 3524 Da
1117 3467 1162 3522 die
1181 3466 1321 3522 tradition
1343 3467 1411 3523 dher

257 3549 397 3605 dieselben
415 3551 584 3622 wenigstens
602 3556 655 3610 seit
673 3557 756 3612 mitte
774 3557 822 3612 des
843 3557 980 3626 lsjshrh.
996 3575 1068 3627 gana
1082 3557 1214 3612 constent
1232 3553 1278 3621 ist,
1297 3561 1409 3625 genlige

256 3655 292 3702 es,
313 3655 365 3691 nur
380 3638 446 3708 jene
464 3640 564 3696 stellen
583 3661 615 3696 zu
635 3643 817 3714 besprechen,
837 3663 879 3701 vo
899 3645 1028 3699 Wolther
1048 3660 1132 3699 nones
1150 3643 1239 3698 bietet
1258 3642 1326 3698 oder
1346 3659 1410 3697 ens·

256 3725 408 3781 fthrlicher
429 3727 471 3781 als
492 3727 566 3784 aeine
584 3731 774 3799 aeitgenossen
789 3732 934 3787 berichtet.
973 3733 1008 3786 Ee
1026 3731 1066 3788 sei
1084 3732 1130 3785 ldr
1150 3731 1207 3787 alle
1226 3730 1301 3786 disse
1316 3731 1410 3802 pldtae

255 3813 309 3869 aul
325 3813 439 3870 Tohlers
468 3815 583 3882 schrift,
611 3818 762 3887 Golgotha.
796 3819 877 3874 Scine
894 3819 1009 3874 kirchen
1028 3817 1086 3873 und
1105 3819 1217 3874 kldster.
1246 3815 1287 3872 St.
1306 3817 1410 3873 Galleu

255 3901 312 3957 und
332 3901 404 3957 Bern
425 3903 490 3957 1851
512 3905 669 3959 verviesen.
757 3907 828 3959 ens
856 3907 893 3961 ist
922 3906 982 3961 hier
1008 3907 1074 3976 jene
1093 3905 1204 3975 hapelle
1223 3905 1357 3975 gemeint
1376 3921 1410 3958 su

255 3989 373 4046 welcher
391 4008 457 4044 men
479 4008 534 4046 von
561 3991 623 4046 dem
642 3993 787 4062 vorplatae
810 3993 859 4048 der
880 3992 1079 4064 grabeslrirche
1098 4009 1154 4048 von
1173 3992 1259 4046 adden
1289 3992 1338 4047 her
1365 4009 1412 4062 ge·

256 4079 346 4147 langt,
366 4079 423 4131 und
437 4079 541 4135 welche
560 4078 612 4135 arri
623 4078 759 4149 gleichem
773 4080 874 4136 niveou
887 4081 941 4136 mit
955 4081 1059 4136 diesem
1071 4081 1165 4150 platee
1185 4079 1269 4150 liegt;
1288 4079 1410 4135 disselbe

254 4167 323 4220 wird
342 4167 457 4238 lrepelle
483 4167 532 4222 der
552 4169 643 4223 llaria
661 4169 837 4239 Aegyptiace
862 4169 919 4224 und
940 4169 1010 4223 anch
1029 4168 1134 4225 Sancta
1154 4167 1244 4223 Maria
1263 4167 1410 4237 Golgatha

255 4258 391 4325 genennt.
429 4255 494 4326 Vgl.
515 4255 599 4310 Fabri
617 4256 644 4320 Ι,
669 4257 719 4312 315
747 4257 804 4312 und
824 4257 939 4323 Tobler,
970 4257 1052 4327 Golg.
1071 4258 1123 4312 378
1141 4255 1169 4312 ff.
1207 4255 1411 4324 Gegenvvtrtig

254 4343 328 4413 zeigt
346 4361 413 4398 men
434 4361 471 4399 an
491 4344 540 4399 der
559 4344 709 4416 stdfscade
728 4344 778 4399 der
791 4344 988 4414 graheslrirche
1007 4344 1078 4400 noch
1097 4343 1159 4399 eine
1178 4341 1282 4398 endere
1296 4341 1411 4414 lrapelle

254 4445 368 4485 unserer
382 4430 476 4487 liebcn
489 4433 552 4487 fruu
571 4431 623 4487 eud
630 4433 782 4504 Golgatha,
794 4450 827 4486 zu
842 4432 891 4488 der
903 4449 971 4487 man
984 4432 1035 4488 aul
1044 4432 1121 4488 einer
1134 4430 1287 4503 freitreppe
1299 4429 1411 4486 hincui-
