3056 4944
681 306 723 372 87

123 477 230 544 Greci.
278 477 361 543 Sunt
385 479 481 543 etism
505 479 622 544 ibidem
644 479 916 563 Augustinenses,
939 483 993 546 sed
1016 505 1079 548 non
1103 481 1277 562 reformati,

122 584 180 670 qui
204 587 320 648 tenent
342 584 515 650 seeundum
530 583 662 649 Latinos
685 589 717 650 et
740 585 860 650 curium
876 607 1048 652 romonem.
1084 587 1167 654 Sunt
1181 588 1276 653 etiem

120 691 167 754 ibi
194 689 348 769 Minores,
371 694 404 754 et
426 689 480 754 isti
503 695 578 754 suut
601 690 775 768 reformati,
800 695 833 754 et
855 691 909 755 isti
932 691 1114 758 habuerunt
1135 696 1211 758 ente
1233 693 1276 758 ci·

123 796 260 862 uitatem
286 818 384 860 unum
414 796 491 860 setis
513 817 659 860 amenum
683 801 715 860 et
737 795 926 860 conveniens
950 800 1190 877 monesterium,
1224 797 1277 862 sed

122 899 251 966 Tuscus
283 901 430 966 totaliter
452 900 623 978 destmxit,
656 901 782 985 quando
815 901 1075 968 circumvellebet
1105 903 1278 969 civitatem.

122 1005 165 1070 Et
189 1005 309 1070 iretres
332 1003 480 1069 habitent
502 1004 595 1069 modo
617 1005 648 1068 in
673 1004 803 1069 ciuitate
825 1006 859 1069 in
881 1027 945 1071 uno
971 1007 1084 1073 stricto
1112 1007 1181 1074 loco
1204 1029 1276 1072 eum

121 1131 223 1193 perve
246 1109 387 1189 ecclesie,
410 1131 471 1194 que
494 1109 571 1174 olim
595 1109 778 1176 Grecorum.
813 1110 854 1176 Et
878 1113 979 1178 multe
1002 1113 1123 1179 hebent
1145 1114 1191 1180 ibi
1208 1113 1277 1198 peti

121 1223 260 1299 propter
282 1213 424 1280 Jhesum.
472 1215 630 1280 Direrunt
653 1221 758 1280 tamen
781 1215 871 1296 mihi,
896 1218 980 1302 quod
1003 1223 1208 1302 expectarent
1231 1217 1277 1282 vi·

121 1321 246 1387 cerium
270 1321 309 1385 de
331 1319 468 1402 (lendis,
503 1322 558 1406 qui
581 1320 715 1387 heberet
746 1322 779 1385 in
802 1324 977 1388 commissis
1008 1324 1121 1390 esede
1149 1327 1278 1408 sposto-

122 1427 187 1492 licu
211 1430 246 1490 et
260 1449 280 1492 e
295 1426 413 1492 vicerio
427 1427 590 1512 generali:
612 1427 639 1491 si
662 1426 816 1512 magister
829 1425 1078 1494 Johenniterum
1101 1452 1164 1496 non
1182 1429 1278 1495 vellet

122 1534 170 1598 eis
194 1533 362 1616 providere
391 1533 535 1598 debono
564 1532 632 1598 solo
662 1537 695 1598 et
721 1532 867 1598 edificare
897 1533 1002 1601 locum
1035 1539 1278 1620 competentem,

125 1637 249 1703 vellent
282 1659 390 1703 omnes
420 1638 565 1703 recedere
573 1638 594 1702 ¹.
645 1635 803 1702 Dixerunt
838 1659 979 1724 quoque,
1010 1641 1093 1725 quod
1125 1640 1159 1704 in
1190 1641 1278 1706 brevi

125 1748 273 1828 tempore
295 1743 383 1808 venit
415 1741 543 1828 quidem
568 1741 687 1808 Grecus
708 1743 869 1808 hereticus
902 1745 941 1810 ed
964 1767 1062 1810 unum
1093 1749 1218 1829 petrem
1241 1746 1281 1810 de

124 1849 246 1914 nostris
269 1852 302 1914 et
324 1849 425 1912 trexit
440 1869 511 1913 eum
535 1848 686 1913 derisorie
708 1869 778 1913 cum
796 1847 905 1930 berbe,
928 1851 1034 1916 dicens
1057 1851 1090 1914 in
1113 1854 1277 1935 contemp-

125 1959 195 2020 tum
227 1953 398 2020 Trinitatis
420 1953 601 2020 individue:
638 1953 771 2034 »Peter,
794 1954 880 2019 filius
902 1960 935 2020 et
956 1955 1090 2039 spiritus
1120 1959 1276 2022 sanctus<

127 2059 194 2145 lpei
219 2081 283 2125 non
306 2061 441 2125 credunt
456 2060 605 2144 spiritum
628 2063 774 2126 sanctum
796 2060 966 2144 procedere
988 2083 1008 2125 e
1030 2069 1123 2146 petre
1146 2065 1180 2125 et
1202 2060 1278 2144 filio,

128 2166 201 2230 ideo
224 2164 487 2230 anathematizati
517 2171 592 2231 sunt
614 2169 651 2230 ut
674 2165 824 2246 heretici,
848 2166 886 2232 de
909 2167 1024 2252 quibus
1046 2166 1133 2232 infre
1155 2167 1280 2250 plenius

126 2269 241 2336 dicere.
287 2266 367 2334 Cum
390 2269 453 2333 hiis
482 2269 637 2335 fratribus
660 2292 783 2336 eremus
806 2270 978 2354 hospitati,
1009 2275 1042 2336 et
1063 2271 1141 2336 setis
1162 2273 1279 2338 ceritu-

128 2377 194 2441 tire
217 2378 438 2441 tractaverunt
453 2397 520 2441 nos.

214 2479 253 2545 In
276 2483 380 2546 cestro
411 2502 600 2566 unoquoque
623 2481 711 2547 ustio
734 2481 831 2546 hebet
854 2481 1019 2566 propriam
1042 2480 1189 2559 domum,
1225 2481 1280 2546 ubi

128 2586 277 2653 habitent
308 2609 417 2652 omnes
448 2587 536 2651 illius
570 2587 710 2652 nationis
731 2587 836 2653 simul.
881 2586 920 2652 In
943 2585 1095 2672 parochie
1121 2587 1153 2650 in
1177 2589 1281 2651 cestro

127 2693 300 2778 requiescit
323 2714 437 2778 corpus
454 2691 597 2758 Eufemie
613 2694 749 2779 virginis
769 2699 802 2758 et
817 2692 983 2758 brachium
1000 2691 1102 2756 suncti
1124 2689 1280 2775 Stephani

126 2804 160 2864 et
181 2798 336 2865 notebilis
358 2821 432 2883 pers
446 2805 556 2866 sancte
578 2801 680 2866 crucis
703 2799 823 2865 Christi
846 2803 879 2865 et
901 2821 965 2864 une
987 2799 1081 2882 spine
1102 2797 1141 2862 de
1163 2797 1275 2881 spinis,

127 2905 245 2990 quibus
254 2903 402 2969 Christus
413 2904 477 2970 fuit
493 2909 672 2984 coronatus,
694 2908 726 2969 et
738 2927 839 2969 unum
850 2902 1017 2968 brachium
1029 2903 1132 2968 suncti
1146 2901 1276 2988 Georgii

125 3009 280 3089 martiris,
304 3013 337 3074 et
359 3030 441 3074 unus
457 3009 605 3074 denarius
627 3009 665 3075 de
681 3009 826 3095 triginta,
852 3009 967 3095 quibus
993 3008 1140 3074 Christus
1163 3007 1280 3074 eJuds

127 3119 176 3182 est
199 3115 356 3195 venditus,
380 3120 413 3180 et
435 3117 532 3181 etiem
554 3115 599 3180 ibi
624 3139 687 3180 une
702 3115 847 3194 scutelle,
871 3136 943 3180 cum
968 3137 1031 3200 que
1047 3114 1193 3180 Christus
1216 3113 1281 3179 suis

127 3219 293 3305 discipulis
325 3221 404 3287 levit
435 3221 529 3306 pedes
544 3218 566 3286 ¹.
612 3219 650 3285 In
674 3221 763 3286 Rode
795 3225 871 3286 sunt
903 3221 998 3286 multi
1022 3219 1119 3285 Turci
1151 3220 1281 3305 captivi,

697 3351 713 3384 ι

202 3431 214 3486 1
235 3429 326 3486 Ghiet.
343 3430 397 3486 334
415 3430 542 3486 eruthnt
569 3429 656 3486 dieses
674 3429 837 3486 klosterlein
864 3429 936 3486 euch
965 3429 1024 3484 und
1042 3429 1133 3485 nennt
1163 3445 1193 3484 es
1213 3445 1280 3485 »een

128 3519 205 3575 cleon
225 3517 425 3582 cloosterkin«,
456 3519 506 3574 des
527 3536 629 3575 »senen
649 3518 833 3590 Boomgeerte
859 3518 922 3574 heft
942 3516 988 3575 vol
1007 3534 1063 3572 vsu
1082 3516 1149 3572 nlen
1167 3515 1282 3586 fruyten

129 3607 201 3662 ende
220 3606 390 3676 ligumenen.
410 3605 455 3660 die
472 3623 537 3662 rnen
549 3605 666 3677 dijnken
685 3625 777 3677 meg.‹
816 3607 870 3662 Der
884 3603 999 3659 wunsch
1018 3603 1067 3658 der
1087 3602 1190 3658 brhder
1208 3601 1281 3657 nnch

130 3695 207 3751 einer
227 3693 353 3750 bosseren
370 3693 514 3766 wohnuug
525 3695 620 3750 wurde
638 3696 745 3759 erfullt,
764 3694 839 3750 denn
852 3693 939 3749 Dietr.
962 3709 987 3746 v.
1002 3691 1130 3748 Scheoht.
1142 3688 1282 3746 bericbtet

129 3783 236 3854 11191);
257 3783 344 3838 »item
363 3781 401 3836 de
419 3781 464 3838 die
476 3782 555 3837 stadt
573 3782 633 3839 eleo
646 3782 808 3838 beschemen
821 3779 920 3846 werdt,
939 3781 1006 3835 hott
1026 3779 1076 3835 der
1088 3775 1281 3834 Grossmeistsr

128 3871 189 3926 eine
210 3869 334 3926 hubsche
352 3869 508 3926 Kiercheuu
527 3869 598 3925 nndt
616 3869 724 3926 Closter
743 3869 856 3924 lessenn
874 3869 1014 3924 mechenn
1034 3864 1189 3922 Beerfusser
1208 3862 1279 3918 Orn-

129 3960 211 4016 dtsns
230 3977 264 4014 su
282 3957 330 4014 lob
349 3957 421 4012 undt
441 3957 552 4014 Ehrenu
570 3957 619 4014 des
637 3957 798 4014 lbblichenn
813 3957 949 4030 Triumph
965 3957 1024 4012 und
1044 3951 1279 4018 tiberwiendtens,

128 4065 158 4103 sc
172 4046 322 4117 geschech;
342 4046 380 4102 iet
393 4046 464 4102 noch
477 4045 570 4102 nichtt
588 4064 640 4116 gur
654 4045 849 4112 volnnbrucht,
868 4046 936 4102 eber
955 4045 1012 4100 lest
1026 4041 1141 4108 hubsch,
1161 4037 1280 4094 dorienn

129 4135 173 4190 ein
192 4135 266 4205 grob
283 4136 336 4201 ist,
365 4134 564 4204 dergleichenn
590 4135 661 4191 noch
680 4135 742 4191 dem
762 4134 905 4204 heiligenn
931 4131 1019 4204 grebe
1045 4147 1081 4184 su
1098 4125 1280 4184 Jerusalem«

130 4223 212 4279 rom.
233 4223 343 4280 lieissn.
365 4221 398 4277 D.
416 4222 486 4293 pilg.
506 4223 564 4279 184.
601 4223 682 4280 Wolf
699 4241 752 4280 von
776 4221 914 4278 Zulnhsrt
933 4219 1025 4291 (1495)
1044 4215 1172 4273 erwdhnt
1200 4213 1280 4270 einen

129 4311 269 4382 guerdimr
288 4329 343 4368 von
367 4311 481 4367 Rhodus
499 4329 525 4368 s.
544 4329 569 4368 s
588 4329 614 4368 o.
632 4313 699 4375 312,
717 4312 843 4366 Wenner
861 4310 953 4382 (1507)
971 4307 1021 4362 des
1040 4305 1147 4362 kloster
1166 4301 1281 4372 (ZDPV.

129 4399 634 4475 1121111111011-1111111101111531)
664 4398 709 4456 die
734 4399 829 4458 birche
856 4415 884 4457 c.
901 4416 928 4457 u·
945 4413 970 4458 c·
989 4396 1050 4453 372.
1163 4389 1280 4454 2th
