3056 4944
799 346 861 410 120

254 523 377 603 partem
403 519 505 584 noetis
521 519 667 586 duximus
690 523 723 586 in
741 523 892 606 perieulis
918 527 1051 606 propter
1066 523 1267 608 asperitatem
1293 529 1327 588 et
1352 546 1410 608 pe-

255 624 434 690 trositatem
457 625 580 690 viarum
606 629 755 694 continue
779 629 868 713 quasi
886 627 1105 694 ascendendo¹
1128 633 1261 694 montes.
1309 628 1354 693 Et
1375 628 1410 692 in

255 751 370 794 aurora
393 730 611 797 descendimus
635 735 673 798 ad
694 733 820 813 vallem,
845 733 876 798 in
902 739 1035 819 quaest
1058 733 1187 799 Jerioho
1211 733 1411 799 etlordanis

254 835 377 900 fluvius.
425 835 465 901 Et
489 836 572 902 ciros
592 859 709 904 nonam
732 838 842 904 horam
860 839 1061 923 pervenimus
1083 839 1121 904 ad
1137 837 1286 904 Jordsnis
1302 839 1408 904 littus.

256 939 297 1005 Et
320 939 365 1004 ibi
388 941 550 1024 peregrini
574 943 750 1025 spoliantes
772 965 805 1008 se
831 943 1030 1008 vestimentis
1059 945 1216 1008 suiacum
1240 943 1410 1008 devotione

254 1049 286 1109 et
317 1044 432 1111 affeetu
461 1046 564 1112 cordis
593 1048 797 1113 intraverunt
821 1049 946 1134 rippam
968 1047 1117 1114 lordanis
1140 1048 1329 1125 belliantes,
1361 1048 1408 1113 la-

257 1155 366 1214 vantes
389 1156 421 1216 et
443 1151 671 1238 refrigerantes
693 1174 743 1231 se,
768 1154 844 1239 qnia
866 1153 1023 1218 maximus
1046 1153 1132 1218 oslor
1164 1157 1231 1217 erat
1253 1153 1325 1236 ipsa
1348 1154 1410 1232 die,

255 1277 315 1340 quo
339 1260 409 1321 erat
431 1257 535 1340 prima
566 1259 632 1323 dies
660 1259 777 1325 mensis
801 1259 940 1344 Augusti
977 1264 1010 1324 et
1042 1257 1159 1324 festum
1191 1258 1293 1322 saneti
1319 1257 1409 1322 Petri

254 1360 294 1424 sd
315 1359 451 1426 vincula.
497 1361 667 1428 Descendit
691 1385 817 1448 quoque
849 1369 880 1428 et
914 1365 982 1448 ipse
1006 1363 1145 1429 famulus
1175 1363 1327 1428 honestus
1350 1363 1409 1429 Jo-

254 1466 374 1532 hannes
398 1469 435 1533 de
457 1467 611 1552 Yllingen
635 1469 748 1554 utique
771 1471 920 1550 devotus,
941 1491 1065 1534 meeum
1089 1471 1178 1554 prins
1201 1475 1410 1534 conversatus

156 1581 162 1600 '
253 1573 286 1636 in
312 1573 380 1652 ria,
415 1575 573 1658 quomodo
597 1575 709 1640 devote
731 1575 884 1640 vellemus
907 1575 1030 1640 intrare
1050 1573 1222 1640 Jordanem
1256 1579 1288 1640 et
1320 1575 1410 1640 ibis

254 1677 312 1741 deo
334 1681 444 1760 petere
468 1678 666 1744 ablutionem
690 1685 891 1764 peecatorum
908 1678 931 1756 ¹,
966 1685 997 1745 et
1021 1685 1097 1746 tuno
1127 1686 1196 1745 erat
1218 1702 1329 1746 servus
1352 1702 1409 1766 ge·

254 1785 357 1846 nerosi
387 1783 505 1847 domini
532 1782 671 1850 Ludwiei
703 1786 741 1851 de
765 1785 901 1850 Bavaria
925 1787 958 1850 iu
982 1783 1203 1851 Soharffeneek
1218 1785 1242 1850 ³.
1289 1785 1410 1851 Volens

256 1907 325 1951 cnm
350 1887 463 1952 ceteris
485 1908 518 1952 se
541 1888 659 1970 lavare,
682 1891 737 1976 qui
756 1890 917 1956 nesciebat
940 1895 1061 1972 natare,
1084 1895 1117 1955 et
1132 1891 1278 1955 incautus
1300 1891 1335 1954 in
1360 1890 1409 1955 al-

255 2013 312 2056 veo
336 1991 484 2058 Jordanie
507 1995 693 2074 ambulavit,
717 1999 748 2061 et
772 2000 919 2080 arreptus
943 2018 961 2060 a
987 1996 1117 2060 flumine
1139 1995 1251 2060 duetus
1274 1996 1307 2080 ip
1331 2017 1409 2080 pro·

255 2096 405 2174 fundum3
431 2120 521 2183 quem
541 2099 648 2164 volens
672 2101 780 2166 iuvare
794 2099 957 2166 Johannes
975 2099 1094 2184 Kropff
1108 2101 1145 2166 de
1157 2099 1331 2184 Weybstat
1353 2101 1409 2167 vix

148 2240 151 2246 -
257 2202 366 2282 erasit,
390 2207 423 2266 et
444 2203 490 2268 eie
512 2205 694 2270 submersus
717 2207 868 2292 gaudium
889 2207 1131 2292 peregrinorum
1149 2228 1334 2272 conversum
1360 2213 1409 2275 est

257 2307 291 2371 in
315 2307 436 2372 luotnm
459 2313 592 2393 propter
614 2309 770 2374 famulum
794 2311 847 2395 pie
869 2313 1022 2378 memorie
1046 2317 1078 2377 et
1094 2317 1225 2396 propter
1241 2313 1407 2384 dominum

255 2434 357 2492 suum,
380 2413 434 2496 qui
458 2414 570 2478 statim
595 2416 745 2497 expendit
768 2416 933 2498 ducatum,
956 2423 993 2482 ut
1016 2417 1238 2483 extraheretur
1260 2423 1292 2483 et
1314 2439 1406 2502 sepe·

255 2518 370 2582 liretur
388 2517 421 2582 in
437 2519 630 2584 monasterio
646 2521 748 2585 saneti
764 2519 921 2586 Johannis
938 2522 1083 2608 Baptista
1096 2522 1118 2604 ⁴,
1143 2524 1225 2610 quod
1243 2528 1290 2588 est
1306 2546 1408 2610 prope

819 2670 838 2708 ’k

326 2763 339 2816 1
360 2762 435 2816 Mass
448 2761 603 2832 jedenfalls
621 2760 814 2819 descendendo
832 2762 942 2819 baillen.
1032 2765 1048 2819 2
1068 2763 1122 2819 hlit
1139 2765 1202 2820 dem
1222 2767 1340 2822 besuohs
1359 2767 1408 2822 des

255 2851 363 2907 Jordan
380 2866 439 2904 war
467 2851 512 2904 fdr
539 2849 585 2906 die
603 2849 695 2921 pilger
723 2851 768 2906 ein
788 2851 1010 2908 volllrommener
1030 2852 1123 2907 ablass
1143 2852 1318 2917 verbunden,
1347 2855 1405 2909 und

256 2939 301 2994 ein
320 2938 376 2993 bad
403 2937 433 2992 in
451 2935 555 2992 diesem
573 2937 654 2993 tlusse
678 2938 761 2994 hatte
789 2939 835 2993 fur
863 2940 903 2994 eie
929 2940 1010 2995 einen
1039 2941 1130 2996 hohen
1148 2943 1226 2996 wert.
1263 2941 1342 2997 Visis
1359 2961 1407 3013 ge·

255 3027 409 3082 brauohten
428 3025 474 3081 bei
493 3026 650 3082 demselben
670 3027 722 3081 das
741 3027 874 3096 gewand,
894 3027 944 3082 das
962 3027 1047 3081 ihnen
1066 3029 1163 3098 spster
1189 3028 1232 3082 als
1250 3029 1405 3084 sterhlrleid

256 3115 356 3170 dienen
369 3115 460 3179 sollte,
480 3113 597 3168 manche
609 3115 692 3168 ritter
704 3114 810 3184 gingen
824 3114 877 3168 mit
888 3115 979 3169 ibrem
992 3115 1085 3170 vollen
1100 3115 1234 3184 gewande
1247 3114 1291 3169 ins
1303 3133 1407 3172 wasser

257 3202 314 3256 und
332 3203 435 3271 trugen
457 3219 485 3256 es
503 3201 582 3256 dann
600 3201 645 3257 bei
664 3201 826 3256 sohlaohten
845 3201 883 3256 im
904 3201 1036 3271 glauben,
1055 3219 1083 3256 es
1102 3202 1214 3256 sehtltne
1232 3201 1272 3258 sie
1290 3219 1339 3258 vor
1358 3221 1406 3273 ge·

257 3289 364 3346 fabren.
401 3289 460 3344 Den
478 3289 591 3360 pilgern
604 3307 663 3344 war
676 3290 817 3354 verboten,
839 3307 889 3344 ans
903 3288 1006 3345 andere
1024 3290 1085 3344 uter
1097 3289 1217 3344 hintiber
1234 3307 1269 3344 au
1281 3291 1406 3346 eohwim·

259 3392 323 3430 men
341 3375 681 3442 oder'unterautauohen,
709 3377 826 3432 welobes
845 3375 942 3432 verbot
960 3376 1092 3446 ubrigens
1121 3377 1216 3447 htutig
1243 3377 1407 3434 fibertreten

258 3463 361 3518 wurde.
398 3463 476 3517 Aueh
495 3463 617 3518 nahmen
632 3464 703 3519 viele
715 3463 926 3520 Jordanwssse'r
944 3463 990 3518 fur
1008 3463 1053 3519 die
1073 3463 1151 3519 tsufe
1169 3464 1220 3520 der
1235 3463 1335 3521 lrinder
1354 3466 1407 3520 mit

257 3553 330 3608 trotn
348 3551 453 3621 ptpstl.
472 3551 600 3607 verbotes
618 3551 675 3606 ond
694 3552 832 3608 trotadem
852 3569 880 3606 es
900 3551 946 3606 die
964 3551 1133 3608 sohiffsleute
1154 3551 1194 3606 im
1213 3551 1308 3608 sebiffs
1327 3553 1406 3609 nieht

257 3638 362 3692 dulden
380 3638 503 3701 wollten‚
523 3639 585 3693 weil
604 3639 643 3694 sie
661 3655 689 3694 es
709 3637 756 3693 fur
776 3639 821 3695 die
835 3639 952 3694 ursaohe
966 3657 1020 3695 von
1034 3641 1160 3695 ettirmen
1178 3640 1293 3696 hielten.
1322 3640 1405 3696 Rohr.

256 3725 289 3780 D.
308 3725 377 3796 pilg.
397 3725 438 3779 28.
544 3729 561 3780 3
588 3727 670 3783 Siehe
689 3728 759 3784 oben
777 3730 810 3783 66
829 3745 904 3783 anm.
922 3729 946 3781 2.
1052 3729 1070 3782 4
1096 3727 1178 3782 Wird
1203 3728 1277 3784 wohl
1305 3727 1405 3784 heillen

256 3811 345 3870 sollen
373 3813 418 3866 »in
436 3812 554 3868 ecelesia
572 3831 591 3867 s.
611 3813 760 3880 loannis«,
788 3815 892 3870 welche
919 3815 991 3870 nseh
1011 3814 1060 3870 der
1079 3815 1190 3885 angebo
1210 3815 1306 3870 Febris
1334 3815 1404 3871 nooh

256 3899 385 3956 aiemlioh
406 3903 460 3970 gut
482 3901 612 3956 erbalten
630 3919 710 3957 wenn
739 3902 831 3972 gleiob
852 3901 1009 3972 profariert
1027 3919 1101 3968 παῖς
1129 3902 1203 3957 dsnn
1232 3902 1283 3958 das
1301 3902 1406 3958 kloster

257 3988 366 4044 soheint
393 3989 465 4044 nach
498 3989 547 4044 der
574 3987 720 4059 tubernng
748 3989 847 4045 Febris
866 3990 899 4054 ll,
929 3993 976 4046 54:
1007 3989 1155 4046 »ecelesiae
1180 3989 1236 4044 luit
1263 3989 1405 4060 quondam

258 4093 396 4132 annexum
417 4077 634 4134 monasteriumc
662 4076 765 4133 bereits
793 4078 904 4133 damsls
929 4079 1013 4134 sebon
1039 4079 1096 4133 fast
1121 4095 1195 4147 gana
1213 4079 1331 4132 aeretbrt
1357 4094 1403 4147 ge·

257 4181 347 4220 wesen
365 4182 399 4220 eu
418 4163 483 4220 sein.
523 4153 598 4221 llber
618 4166 668 4221 das
686 4167 750 4222 sehr
768 4168 826 4222 alte
847 4167 964 4228 kloster,
985 4167 1104 4222 welches
1132 4167 1181 4220 der
1208 4166 1329 4221 kaiserin
1352 4166 1404 4220 fle·

258 4253 323 4308 lens
342 4254 555 4324 nugesohrieben
574 4257 653 4320 wird,
672 4255 729 4310 und
748 4255 845 4312 deesen
863 4257 961 4310 ruinen
987 4257 1060 4326 jetat
1083 4254 1136 4308 den
1156 4271 1258 4309 namen
1279 4254 1349 4309 Kssr
1367 4255 1404 4310 el·

259 4341 368 4396 Yehudi
395 4342 462 4398 oder
488 4344 543 4399 Der
562 4345 623 4400 llar
642 4343 784 4400 Ynhanna
810 4344 918 4406 ltlhren,
947 4345 1004 4413 vgl.
1024 4342 1110 4414 Sepp,
1139 4341 1194 4397 Jer.
1214 4342 1234 4409 l,
1260 4345 1327 4412 749,
1344 4344 1404 4408 758,

264 4430 314 4486 770
333 4430 360 4484 ff.
397 4431 474 4488 'l'obl
494 4431 561 4504 Top.
581 4431 615 4498 ll,
636 4432 686 4487 708
705 4431 733 4486 ff.
769 4431 853 4488 Baed.
874 4431 923 4487 153
942 4431 961 4488 i.
