3056 4944
814 348 876 415 160

269 523 331 588 hiis
354 525 558 590 consideratis
592 523 696 589 iudico
726 546 789 589 non
815 545 880 588 esse
903 523 1063 590 sufficiens
1086 547 1180 593 eausa
1204 549 1253 592 rue
1277 526 1341 590 iam
1363 546 1420 588 ex-

269 652 385 714 ponere
408 652 467 714 pro
489 651 606 695 corona
628 633 815 713 martyrum.
863 629 928 692 Alii
962 635 1096 713 possunt
1128 633 1230 698 dicere
1261 636 1293 695 et
1314 629 1423 694 facere

269 737 440 800 seeundum
465 735 692 801 conscientiam
717 756 855 798 cornua«
903 733 975 798 Hiis
1010 737 1129 801 auditis
1160 757 1269 801 omnes
1302 734 1422 798 fratres

270 847 302 905 et
325 843 486 926 peregrini
516 841 615 906 secuti
647 845 722 904 sunt
751 862 857 904 meum
882 841 1082 924 negativum,
1112 844 1149 906 ad
1182 842 1264 926 quod
1297 839 1422 923 etipse

270 948 441 1031 gaudianus
464 947 632 1030 acquievit.
680 945 721 1008 Et
744 946 788 1009 sic
811 965 873 1009 non
897 946 1016 1009 nostris
1038 947 1162 1011 meritis
1193 947 1246 1010 sed
1269 945 1339 1010 sola
1369 944 1423 1008 dei

269 1053 374 1135 gratia
397 1074 460 1116 non
483 1053 682 1124 intravimus.
728 1050 761 1115 Si
794 1051 878 1115 enim
902 1051 1123 1132 intrassemus,
1157 1053 1269 1136 utique
1292 1049 1422 1134 pericli-

270 1163 443 1235 tassemus3
467 1181 539 1221 uam
564 1157 678 1241 hospes
701 1161 810 1221 noster
832 1177 976 1241 paganus
998 1158 1210 1222 confitebatur
1232 1155 1323 1220 nobis
1347 1159 1423 1238 post

270 1265 307 1328 de
329 1286 422 1328 mane
444 1262 553 1342 invia,
577 1263 660 1346 quod
684 1261 752 1344 ipse
767 1261 932 1325 habuisset
951 1283 1103 1346 maguum
1126 1262 1272 1325 timorem
1296 1261 1333 1324 de
1356 1281 1422 1323 nno

270 1370 333 1434 alio
355 1369 545 1446 Sarmens,
577 1369 631 1452 qui
655 1367 842 1432 intendebat
875 1373 949 1430 ante
972 1367 1067 1431 breve
1090 1375 1215 1450 tempus
1239 1387 1335 1430 unnru
1361 1363 1422 1428 Ju-

271 1475 362 1538 deum
392 1495 450 1557 pro
473 1473 610 1558 triginta
633 1473 737 1536 aureis
769 1473 835 1535 sive
868 1473 990 1536 ducatis
1013 1473 1162 1537 inducere
1194 1473 1226 1536 in
1251 1469 1421 1554 templum,

272 1582 304 1642 et
326 1600 396 1642 eum
412 1577 517 1642 noluit
532 1577 594 1641 sibi
618 1577 692 1640 dare
710 1583 843 1660 partem,
867 1577 934 1660 ipse
951 1599 1022 1641 eum
1038 1577 1256 1661 impedivisset
1280 1581 1312 1640 et
1336 1575 1423 1638 hune

271 1683 430 1748 timuisset
446 1684 537 1747 modo
547 1683 695 1762 multum,
714 1687 745 1746 et
756 1682 927 1765 placuisset
937 1683 1009 1762 sibi,
1028 1683 1110 1766 quod
1122 1703 1184 1746 non
1197 1680 1389 1745 intravimus
1401 1678 1424 1742 ¹.

205 1875 209 1882 ¹
360 1787 428 1853 Hec
444 1809 569 1851 musaea
584 1773 829 1870 siveternplum‚
847 1787 902 1851 nbi
919 1793 967 1851 est
978 1788 1143 1871 sepultura
1155 1785 1424 1870 patriarcharum,

272 1915 308 1957 ae
332 1893 425 1956 etiam
449 1893 561 1956 civitas
585 1893 674 1956 Abra
704 1893 802 1957 distat
833 1894 894 1957 dno
924 1892 1063 1956 miliaria
1093 1915 1113 1956 a
1134 1891 1300 1976 sepultura
1322 1890 1425 1972 ipsius

274 1998 355 2064 Loth
369 1998 392 2079 ⁹,
417 2001 471 2085 qui
495 2003 563 2064 erat
582 1999 683 2064 frater
699 1999 776 2064 Sere
789 1999 813 2079 ³,
836 1999 943 2064 uxoris
959 1998 1099 2078 Abrahe‚
1121 2002 1160 2062 ut
1182 1996 1317 2060 habetur
1341 1993 1425 2058 Gen.

272 2107 359 2190 capit
382 2105 436 2170 xl.
485 2105 525 2169 Et
558 2107 595 2169 ad
630 2105 714 2169 hunc
744 2105 851 2170 locum
881 2126 942 2168 non
968 2109 1149 2187 poteramus
1172 2101 1279 2166 venire
1302 2122 1361 2165 nec
1385 2100 1424 2163 ad

272 2211 429 2276 desertum
446 2209 603 2275 Johannis
618 2209 641 2286 ⁴,
665 2210 719 2273 ubi
737 2215 805 2272 erat
827 2210 859 2320 ip
882 2209 1014 2273 desertis
1030 2230 1130 2292 usqne
1154 2207 1192 2271 ad
1215 2206 1298 2270 diem
1314 2209 1424 2270 osten·

274 2348 449 2417 verteidigen
464 2347 606 2417 Origenes,
626 2345 753 2401 Clemens
766 2345 979 2408 Alexandrinus,
994 2345 1187 2415 Hieronymus,
1200 2344 1284 2408 Beda,
1297 2343 1426 2402 Anselm.

272 2437 394 2491 Thomas
412 2454 439 2488 u.
459 2453 484 2490 a.
503 2434 549 2488 die
568 2433 692 2499 ansicht‚
721 2434 825 2489 welche
842 2434 974 2489 Walther
1000 2434 1061 2488 hier
1085 2432 1250 2503 ansspricht.
1289 2432 1354 2500 vgl.
1375 2431 1424 2485 des

275 2521 421 2579 Cornelius
440 2541 457 2576 a
476 2520 582 2591 Lepide
600 2525 774 2578 commentar
795 2539 844 2576 aur
862 2521 991 2577 citierten
1011 2521 1100 2576 stelle.

347 2609 566 2664 lBelranntlich
594 2609 633 2664 ist
651 2610 721 2664 anch
740 2609 824 2666 heute
848 2611 920 2666 noch
947 2610 998 2666 das
1018 2610 1145 2664 betreten
1173 2608 1222 2663 des
1240 2607 1425 2662 Harum-esch

274 2697 382 2754 Selreril
399 2698 456 2752 und
474 2697 623 2754 besonders
644 2698 692 2753 der
706 2698 818 2754 Kubbet
835 2698 984 2754 ee-Sachra
1003 2697 1060 2751 und
1080 2697 1128 2752 des
1141 2696 1246 2750 Harum
1265 2696 1296 2748 in
1309 2693 1424 2749 Hebron

274 2785 364 2840 Juden
384 2785 440 2840 und
461 2785 591 2840 Christen
610 2787 724 2854 strenge
739 2785 884 2842 verboten.
921 2785 953 2838 ln
966 2785 1097 2839 t'rhheren
1116 2785 1205 2838 aeiten
1220 2782 1321 2837 wellen
1340 2781 1426 2836 aller·

274 2874 420 2945 dingshie
437 2873 494 2926 und
524 2875 563 2927 da
581 2873 673 2943 pilger
695 2871 850 2928 verkleidet
879 2873 907 2928 in
932 2873 1007 2927 einer
1026 2871 1115 2926 dieser
1133 2869 1277 2926 moscheeu
1297 2884 1424 2938 genesen

274 2963 346 3026 sein,
374 2979 403 3018 so
424 2961 567 3015 Bnrchard
589 2961 618 3014 in
639 2960 764 3016 Hebron:
795 2959 995 3031 ‚Sepulchrum
1013 2959 1239 3030 patriarcharum
1260 2957 1376 3011 visitavi
1394 2955 1426 3010 in

274 3052 334 3106 loco
351 3050 405 3106 isto
424 3052 452 3104 et
470 3049 561 3104 mansi
579 3049 609 3104 in
629 3067 661 3105 eo
679 3067 736 3104 nna
755 3052 850 3106 nocte«
872 3048 1027 3118 Descriptio
1045 3047 1078 3111 X,
1092 3047 1123 3102 81
1144 3045 1202 3100 und
1221 3043 1304 3100 Harii
1319 3044 1349 3098 in
1372 3043 1425 3098 He·

274 3139 344 3194 bron
366 3137 415 3192 160
433 3135 490 3191 und
509 3137 664 3192 Jerusalem
685 3137 746 3191 180.
784 3135 877 3190 Allein
905 3135 966 3188 ihre
985 3134 1115 3203 angeben
1134 3133 1246 3188 lrbnnen
1270 3131 1348 3186 nieht
1367 3130 1426 3184 alle

275 3225 382 3281 aweilel
401 3225 469 3280 uber
486 3225 547 3280 ihre
565 3224 826 3294 glaubvvttrdigkeit
847 3225 1011 3286 uerstreuen‚
1031 3221 1089 3276 und
1107 3221 1168 3276 ihre
1186 3218 1425 3287 beschreibnngen

275 3313 337 3366 sind
364 3331 394 3368 so
418 3312 586 3381 allgemein‚
615 3311 680 3365 dass
708 3311 748 3365 sie
766 3311 837 3366 wohl
868 3311 938 3363 anch
957 3309 1187 3378 naeherzthlung
1205 3325 1259 3362 von
1278 3305 1424 3374 gehdrtem

275 3402 333 3454 sein
360 3401 480 3455 kbnnen.
516 3399 593 3453 Auch
612 3399 681 3453 Lnd.
703 3417 727 3454 v.
747 3399 831 3454 Sudh.
851 3399 885 3453 70
904 3400 985 3467 sagi,
1005 3397 1069 3451 dass
1089 3396 1143 3451 den
1162 3395 1290 3449 Christen
1309 3393 1359 3446 der
1378 3392 1425 3446 be·

275 3489 342 3542 euch
362 3488 495 3542 verboten
514 3487 565 3552 sei,
593 3487 658 3556 fiigt
685 3487 755 3540 eber
774 3486 850 3540 daun
873 3485 943 3541 doch
961 3483 1022 3546 bei,
1051 3484 1114 3538 dass
1134 3501 1188 3539 von
1207 3480 1359 3536 denselben
1378 3479 1425 3533 die

274 3577 370 3630 kirche
390 3577 481 3629 »intus
499 3579 528 3629 et
546 3579 627 3628 extra
644 3575 787 3630 commode
806 3573 976 3643 perlustrari
995 3575 1104 3642 potest;
1133 3574 1162 3625 et
1191 3572 1234 3624 est
1252 3570 1329 3622 intus
1348 3567 1426 3622 desl-

276 3665 345 3718 bata
363 3666 392 3719 et
411 3662 552 3733 lapidibus
568 3661 640 3717 bene
657 3665 758 3718 ornata
785 3667 814 3716 et
845 3679 895 3731 per
915 3659 1020 3731 gradm
1047 3660 1077 3713 in
1095 3656 1295 3713 cancellarium
1313 3655 1426 3710 descen·

276 3753 353 3807 ditur
379 3753 409 3805 in
428 3751 613 3821 speluncam<
650 3750 760 3805 Sichere
788 3749 974 3805 nachrichten
1006 3749 1074 3804 iiber
1101 3747 1151 3801 des
1180 3746 1307 3799 betreten
1335 3741 1425 3797 dieser

276 3841 401 3896 moschee
419 3840 505 3893 durch
525 3837 654 3894 Christen
673 3839 764 3893 haben
784 3838 835 3892 vvir
854 3841 911 3893 erst
929 3855 979 3892 ens
998 3831 1337 3904 unseremjahrhundert.
1358 3829 1424 3899 Vgl.

277 3926 433 3984 lib-Gotho
460 3944 484 3980 a.
514 3943 539 3980 a.
566 3944 590 3982 ο.
627 3924 815 3980 Sonderbarer
846 3923 928 3979 veisa
959 3923 1087 3977 ervvthnt
1114 3921 1205 3976 tibist.
1234 3919 1308 3974 diese
1337 3917 1424 3986 leuge

277 4015 474 4083 verbandlung
494 4030 589 4083 vegen
616 4011 664 4067 des
692 4013 822 4066 antrittes
846 4029 894 4065 anr
916 4010 1041 4066 meschec
1060 4025 1112 4079 gar
1131 4007 1219 4063 nicht.
1326 4006 1343 4058 2
1368 4004 1423 4058 Das

277 4103 349 4174 grah
368 4102 461 4168 boths,
480 4101 531 4154 des
549 4101 619 4156 auch
633 4100 717 4155 Fabri
731 4100 765 4169 ΙΙ,
780 4101 832 4155 348
843 4100 982 4162 ervthut
1001 4097 1081 4151 sucht
1100 4095 1162 4151 eine
1175 4095 1269 4148 urelte
1283 4091 1420 4148 tradition

277 4191 351 4246 beim
379 4189 513 4258 hentigen
533 4189 600 4243 Beni
624 4187 723 4252 Nalm,
749 4186 843 4241 kleine
871 4185 937 4240 avvei
967 4183 1088 4238 standen
1115 4183 1216 4237 batlich
1235 4198 1289 4236 von
1309 4179 1418 4234 Hebron

277 4278 404 4347 gclegen.
432 4277 513 4348 Sepp,
531 4275 585 4330 Jer.
605 4277 625 4336 l.
644 4275 704 4330 610.
725 4273 885 4338 Eb.·Gnthe‚
904 4271 967 4327 Pal.
988 4271 1021 4334 ll,
1040 4272 1101 4327 214.
1173 4267 1281 4323 3L0th
1299 4283 1359 4320 war
1376 4265 1421 4319 be·

277 4367 425 4421 kenntlich
444 4366 489 4420 ein
507 4363 679 4419 brudersohn
691 4363 857 4416 Abrahams.
964 4360 980 4412 4
1000 4357 1181 4415 Gewbhnlich
1199 4355 1270 4410 vvird
1285 4355 1359 4425 jetat
1378 4351 1421 4406 die

278 4454 389 4525 gegend
418 4471 471 4510 von
500 4452 552 4506 Ain
582 4451 682 4516 Hahis,
715 4449 776 4505 eine
805 4449 908 4504 stnnde
938 4448 974 4502 20
1003 4448 1131 4501 minuten
1160 4461 1214 4500 von
1242 4443 1296 4497 Ain
1330 4439 1424 4496 nunu
