3054 4942
790 313 854 376 232

249 491 369 555 habens
386 491 514 554 caudam
539 493 606 552 tarn
622 509 761 573 gravem,
786 491 852 553 tam
869 491 1031 572 pinguem,
1055 487 1138 570 quod
1154 489 1280 550 tantum
1297 487 1400 550 dicere

250 617 313 661 non
336 595 451 670 audeo;
475 594 540 658 vidi
562 597 668 658 tamen
693 593 812 658 socium
833 598 1016 678 sequentem
1041 596 1072 656 et
1087 596 1217 674 portare
1232 592 1364 656 caudam
1378 590 1399 656 ¹.

251 700 386 766 Demum
409 699 545 783 amplius
567 720 692 763 sursum
714 699 754 776 ad
777 698 883 764 forum
906 700 996 763 iuxta
1019 696 1142 774 Nilum,
1168 701 1200 761 et
1222 697 1267 761 ibi
1290 697 1400 760 vendi·

250 810 304 869 tur
327 804 533 884 frumentum,
556 803 685 868 ordeum
709 803 835 888 aliaque
858 805 978 868 semina
1001 825 1059 887 pro
1083 801 1265 868 bominibus
1288 809 1321 866 et
1343 803 1398 866 be-

250 910 331 974 stiis.
378 908 420 972 Et
452 909 485 971 in
520 909 628 974 eodem
661 906 731 971 foro
753 907 889 972 vidimus
921 907 1015 972 simul
1046 907 1168 972 minare
1202 929 1274 972 cum
1301 907 1401 990 virgis

251 1013 357 1099 pullos
379 1013 483 1098 gallos
513 1017 546 1078 et
568 1012 706 1097 gallinas
735 1012 807 1096 plus
831 1034 928 1097 quam
950 1015 1114 1078 sexcentos
1143 1013 1177 1076 in
1207 1035 1271 1077 una
1293 1031 1402 1096 grege,

251 1143 288 1186 ao
310 1121 337 1184 si
360 1125 464 1184 essent
486 1141 563 1184 auce
577 1117 599 1186 ².
646 1117 688 1182 Et
710 1117 815 1182 fertur
837 1141 896 1202 pro
918 1122 1025 1197 certo,
1049 1123 1081 1183 et
1103 1139 1213 1182 verum
1236 1122 1293 1196 est,
1318 1117 1400 1202 quod

252 1225 335 1310 pulli
357 1226 551 1309 gallinarum
577 1224 772 1289 accubantur
803 1224 835 1288 in
860 1223 956 1289 furno
978 1246 1036 1309 per
1059 1225 1203 1290 ardorem
1224 1223 1308 1306 ignis
1331 1223 1401 1286 abs·

253 1350 314 1414 que
336 1331 454 1406 matre;
487 1351 561 1393 nam
584 1328 711 1407 dieunt,
741 1328 794 1411 qui
819 1329 982 1408 viderunt,
1006 1330 1089 1414 quod
1113 1330 1146 1393 in
1169 1329 1236 1393 fere
1258 1333 1291 1392 et
1315 1327 1402 1391 dein·

253 1455 326 1517 ceps
349 1455 448 1518 usque
471 1435 509 1498 ad
534 1434 716 1517 Augustum
739 1439 887 1498 exercent
910 1435 1067 1517 quandam
1091 1437 1191 1498 artem
1215 1434 1403 1511 naturalem,
1520 1521 1521 1526 γ

253 1538 441 1622 colligentes
462 1539 565 1622 primo
589 1537 671 1602 bona
693 1558 753 1602 ove
776 1538 848 1602 dein
872 1543 996 1621 ponunt
1026 1539 1082 1602 illa
1113 1538 1283 1624 aliquando
1306 1537 1404 1602 simul

254 1643 491 1727 quinquaginta
514 1642 553 1706 ad
576 1641 739 1707 fornacem
761 1643 899 1707 similem
922 1644 1070 1726 pistoris,
1103 1645 1135 1708 in
1161 1666 1223 1728 qua
1246 1643 1334 1708 facta
1358 1647 1405 1707 est

254 1768 313 1830 pro
337 1745 482 1832 quolibet
503 1768 562 1812 ovo
585 1746 731 1830 specialis
753 1749 893 1822 carati03
929 1750 961 1810 et
984 1748 1097 1831 positis
1120 1749 1243 1813 faciunt
1265 1749 1403 1814 calorem

253 1874 403 1936 parvum,
422 1852 604 1916 claudentes
620 1851 780 1916 fornacem
805 1873 876 1915 cum
899 1853 979 1929 ovis3
1005 1853 1130 1917 demum
1147 1853 1269 1918 faciunt
1284 1853 1405 1918 lentem
1520 1925 1521 1930 η

254 1958 365 2021 subtus
389 1958 497 2040 ignem
527 1958 567 2021 ab
591 1963 696 2036 extra,
730 1963 762 2021 st
791 1958 837 2021 sio
869 1959 902 2021 in
926 1959 1074 2023 vicesima
1103 1959 1233 2042 prima⁸
1257 1961 1307 2024 die
1329 1963 1406 2022 sunt

255 2063 408 2128 accubata
438 2084 513 2142 ova,
548 2067 580 2126 et
603 2062 772 2147 aliquoties
803 2067 919 2127 exeunt
952 2063 1034 2146 pulli
1067 2063 1105 2127 de
1128 2062 1314 2148 quingentis
1337 2063 1405 2127 ovis

257 2168 484 2252 quadringenti
514 2167 605 2250 pulli.
652 2167 694 2232 Et
725 2171 799 2232 sunt
822 2169 928 2252 plures
951 2169 1094 2233 fornaces
1116 2169 1197 2233 tales
1228 2169 1261 2232 in
1288 2169 1406 2252 Egipto

256 2277 289 2335 et
311 2293 375 2335 una
397 2272 430 2334 in
455 2271 640 2350 Babilonia,
673 2278 705 2336 et
729 2271 853 2336 faciunt
873 2275 924 2337 tot
946 2272 1052 2356 pullos
1076 2273 1179 2357 gallos
1202 2278 1234 2338 et
1258 2272 1406 2356 gallinas,

257 2382 336 2462 quot
358 2377 470 2442 volunt
486 2377 508 2442 ⁴.
555 2377 596 2442 Et
618 2378 756 2461 contigit
778 2379 893 2461 sepius,
917 2379 1000 2463 quod
1022 2379 1111 2443 mille
1134 2379 1217 2462 pulli
1239 2378 1405 2442 minantur

255 2481 351 2546 simul
374 2502 445 2545 cum
467 2481 568 2566 virgis
591 2485 623 2546 et
644 2481 782 2566 flagellis
805 2483 838 2546 in
861 2505 926 2547 una
948 2504 1046 2568 grege
1069 2483 1108 2547 ad
1129 2483 1316 2567 Alkayrum.
1364 2482 1406 2546 Et

257 2586 337 2650 tales
360 2585 503 2650 fornaces
526 2587 664 2651 libenter
687 2587 872 2652 vidissemus
894 2588 927 2651 in
952 2587 1133 2667 Babilonia,
1157 2591 1189 2652 et
1211 2589 1249 2652 ad
1273 2586 1334 2651 hoc
1357 2587 1404 2650 la-

257 2690 438 2756 boravimus
461 2693 511 2770 et,
539 2692 614 2756 dnm
637 2713 760 2756 eramus
783 2691 815 2756 in
838 2694 910 2772 ria,
934 2693 1062 2777 quidam
1086 2713 1181 2757 senex
1203 2711 1347 2776 paganus
1370 2691 1408 2754 de

257 2796 322 2860 illis
336 2795 500 2879 magistris
524 2819 562 2860 ex
585 2818 657 2862 casu
688 2797 827 2863 occurrit
850 2797 966 2876 dicens,
990 2797 1073 2882 quod
1096 2797 1153 2862 illo
1175 2817 1280 2861 mense
1302 2800 1335 2860 et
1358 2817 1406 2860 se·

258 2901 428 2986 quentibus
451 2900 534 2964 nihil
556 2901 750 2982 laborarent,
774 2924 832 2968 nec
853 2903 1006 2986 magister
1029 2903 1140 2966 domus
1164 2905 1243 2966 esset
1265 2921 1406 2984 presens,

259 3013 290 3072 et
313 3005 510 3090 impossibile
533 3013 615 3071 esset
638 3029 689 3073 eas
712 3009 835 3087 videro,
859 3013 891 3072 et
913 3009 959 3073 sio
981 3007 1121 3072 fraudati
1144 3006 1202 3070 illa
1223 3027 1278 3089 spe
1302 3011 1335 3069 et
1357 3006 1404 3070 di·

258 3113 401 3176 misimus
414 3111 437 3177 Ι.
483 3109 616 3177 Domum
640 3113 756 3178 iterum
780 3113 978 3178 ascendimus
1011 3113 1114 3188 ultra;
1148 3117 1225 3176 tunc
1248 3111 1408 3176 duxerunt

820 3240 839 3275 tr

331 3341 344 3394 1
365 3339 427 3394 Von
445 3337 539 3393 diesen
558 3340 672 3396 schefer
689 3343 756 3411 sagi
774 3339 864 3396 Ghist.
883 3342 948 3397 209:
971 3342 1059 3397 ›Daer
1077 3339 1134 3410 aijn
1152 3339 1220 3396 ooclr
1232 3336 1361 3407 Sobapen
1380 3355 1409 3393 so

259 3431 342 3500 groot
360 3427 398 3482 da
416 3445 449 3496 sy
467 3445 517 3484 een
531 3430 660 3484 mersche
673 3447 769 3485 comen
788 3433 818 3486 to
831 3428 885 3484 den
904 3429 969 3499 gort
985 3428 1078 3491 rieme,
1098 3425 1242 3482 hebbende
1254 3425 1309 3480 den
1322 3427 1410 3480 steert

260 3517 344 3573 lanck
361 3519 406 3572 tot
424 3515 473 3570 der
491 3515 605 3580 cerdon,
637 3517 707 3573 ende
726 3517 841 3573 breeder
869 3517 926 3571 dan
945 3533 1031 3571 conen
1048 3517 1138 3572 root«.
1175 3513 1259 3569 Harff
1275 3513 1326 3568 hat
1347 3513 1410 3568 eine

260 3605 420 3674 abbildung
431 3603 520 3660 dieser
529 3605 631 3662 sobafe.
705 3606 721 3659 2
734 3607 806 3660 auca
816 3627 848 3656 ε
859 3621 939 3674 gans.
959 3603 1022 3674 Vgl.
1032 3602 1115 3658 Fabri
1126 3601 1174 3667 ΙΙΙ,
1185 3601 1228 3656 59.
1299 3603 1316 3654 3
1330 3600 1411 3656 Nach

261 3692 345 3747 Fabri
365 3691 544 3747 »duodecimo
557 3691 629 3750 die«.
665 3693 708 3747 Da
727 3692 771 3747 die
785 3691 908 3746 brutescit
921 3691 970 3745 der
982 3690 1091 3743 hfihner
1104 3687 1163 3742 drei
1176 3687 1288 3743 wocben
1301 3687 1411 3753 dauert,

260 3779 330 3834 wird
343 3779 416 3836 wohl
431 3780 575 3835 Walthers
594 3781 706 3850 angebo
724 3779 829 3848 richtig
849 3777 916 3832 rein.
988 3780 1006 3831 4
1027 3777 1087 3832 Von
1106 3776 1160 3830 den
1179 3773 1284 3830 christl.
1298 3774 1411 3829 schrift-

261 3867 530 3934 stellernJ,erwtthnt
554 3870 646 3922 auerst
663 3867 750 3923 Jacob
769 3885 823 3923 von
842 3865 925 3935 Vitry
951 3865 1025 3920 diese
1044 3864 1188 3929 bruttfen,
1214 3863 1285 3918 auch
1305 3861 1366 3916 Lud
1385 3881 1410 3916 v.

262 3956 347 4010 Sudh.
362 3957 395 4010 52
414 3954 520 4024 spricht
535 3971 589 4010 von
603 3956 687 4010 ihnen
706 3955 763 4008 und
777 3957 841 4024 sagt
855 3955 923 4009 uber
941 3953 987 4008 die
999 3969 1100 4022 mange
1117 3952 1166 4008 der
1179 3951 1301 4005 huhner:
1323 3967 1411 4004 »unus

261 4044 380 4098 rusticus
399 4059 481 4112 saepe
499 4042 622 4114 quinque
635 4044 679 4098 vel
695 4061 742 4098 sex
759 4045 851 4098 millia
862 4043 1004 4113 pullorum
1023 4059 1085 4096 oum
1100 4041 1181 4110 virga
1199 4042 1267 4094 ante
1285 4055 1314 4094 se
1333 4039 1411 4094 ducit

262 4133 299 4187 ad
318 4133 409 4187 forum
428 4135 461 4186 ut
478 4135 575 4203 pastor
593 4149 683 4188 oves«.
721 4131 804 4187 Harii
814 4133 847 4186 92
866 4130 1022 4186 besohreibt
1040 4129 1079 4184 sie
1098 4127 1224 4184 aiemlich
1237 4126 1411 4182 ausfdbrlieh

262 4219 320 4274 und
339 4219 534 4275 ott-Heinrich
562 4220 631 4274 fund
658 4219 751 4275 solche
779 4221 843 4275 oren
870 4218 940 4274 auch
969 4219 1020 4272 anf
1036 4215 1156 4272 Rhodus.
1194 4215 1277 4269 Pubhr.
1302 4213 1412 4269 Maisrn.

263 4307 295 4361 D.
313 4307 383 4376 pilg.
402 4307 461 4362 387.
498 4307 585 4377 {Diese
611 4307 676 4363 bfen
703 4305 765 4360 sind
794 4307 865 4361 auch
892 4304 1087 4375 gegenwtrtig
1114 4303 1187 4358 noch
1213 4301 1252 4356 im
1279 4301 1411 4356 betriebe.

263 4394 380 4460 Tobler‚
409 4393 548 4450 bustreise
566 4393 610 4450 ins
628 4394 822 4464 Morgenland.
859 4393 957 4448 Zbrich
977 4393 1052 4448 1839.
1083 4391 1103 4456 Ι,
1125 4391 1182 4447 199.
1289 4392 1306 4444 5
1334 4387 1412 4444 Dicae
