3056 4944
643 334 703 400 rsa
750 405 757 417 ,

99 509 251 588 fecerunt,
275 510 393 590 nescio,
416 509 470 576 sed
492 509 702 596 suspicionem
728 511 880 594 grandom
904 509 1002 574 habui
1025 510 1063 575 de
1087 509 1171 575 malo
1193 531 1248 594 pe·

100 615 238 699 regendo
260 637 332 682 cum
357 614 489 682 officiali
513 617 546 680 in
568 614 709 696 Jericho,
733 615 817 682 sicut
840 619 872 682 et
886 615 1006 682 lactum
1031 621 1089 694 est,
1111 619 1149 680 ut
1163 615 1250 680 vide·

102 720 186 786 bitur
209 718 306 786 inira.
354 718 475 786 Iterum
498 721 604 786 subito
626 721 839 800 surreximus,
862 725 895 786 et
917 720 1112 786 ascendimus
1135 720 1251 784 bestias

101 829 131 891 et
151 825 350 909 arripuimus
372 825 454 890 viam
479 847 579 911 usqne
610 826 648 890 ad
669 824 843 892 Jordanem
872 830 947 892 ante
969 825 1045 892 solis
1067 829 1189 904 ortum,
1219 829 1252 890 et

99 930 141 994 ibi
161 929 321 1024 balneetis
342 933 374 996 et
396 929 472 996 lotis
487 932 675 1014 peregrinis,
701 932 915 1017 equitavimus
929 951 1039 997 versus
1058 952 1145 994 mare
1167 951 1251 994 mor·

101 1041 209 1116 tuum,
245 1041 278 1100 et
302 1036 355 1100 vix
379 1035 511 1100 fecimus
533 1036 605 1116 iter,
638 1041 797 1122 quantum
821 1037 955 1102 balistra
976 1037 1128 1120 sagittam
1152 1035 1253 1099 iacere

101 1145 213 1225 potest,
232 1140 421 1224 inceperunt
437 1139 540 1206 Mauri
555 1141 711 1208 clamare:
723 1143 859 1222 ¹>Arabi
878 1141 978 1206 Arabi
989 1144 1014 1206 !‹
1034 1146 1067 1206 et
1081 1145 1252 1206 tenuerunt

104 1267 168 1326 nos,
191 1251 225 1310 et
248 1245 294 1310 sic
310 1245 487 1334 dimisimus
503 1245 588 1312 viam
611 1247 788 1314 breviorem
810 1248 848 1313 ad
863 1269 952 1313 mare
968 1251 1138 1324 mortuum,
1160 1245 1252 1310 festi-

103 1357 214 1416 nantes
238 1351 278 1416 ad
294 1354 415 1416 vastam
429 1350 633 1418 solitudinem
655 1353 695 1418 ad
710 1353 941 1418 monasterium
958 1353 1043 1418 beati
1058 1349 1214 1434 leronimi
1231 1349 1252 1430 ¹,

104 1457 263 1542 desperati
297 1457 336 1520 de
358 1475 484 1522 accessu
508 1456 547 1522 ad
571 1479 659 1522 mare
682 1463 854 1524 mortuum.
900 1457 1040 1523 Visitato
1062 1455 1254 1522 monasterio

104 1561 207 1628 ldanri
230 1560 405 1626 noluerunt
428 1561 473 1626 ire
495 1561 563 1628 nise
584 1561 670 1628 faoto
685 1563 867 1643 iantacnl03
891 1569 923 1629 et
938 1567 1067 1648 sumpta
1082 1561 1254 1628 reiectione

103 1669 203 1734 nostri
229 1667 262 1732 in
287 1671 412 1732 tantum
435 1667 633 1748 iecererunt,
664 1669 748 1754 quod
771 1670 812 1735 ab
836 1670 898 1735 islo
920 1668 1113 1734 monasterio
1136 1687 1193 1730 nos
1215 1665 1253 1729 ad

104 1795 189 1840 mare
213 1777 375 1838 mortuum
400 1771 576 1854 duxerunt,
609 1774 648 1840 de
671 1795 734 1860 quo
764 1796 860 1860 quere
890 1774 970 1840 folio
1038 1823 1045 1837 .
1088 1772 1160 1856 Ego
1182 1791 1253 1835 cum

104 1879 218 1946 ceteris
241 1877 394 1944 audacius
416 1879 520 1945 exutis
543 1879 766 1946 calceamntis
789 1881 909 1946 intravi
932 1901 1064 1966 aquam,
1089 1878 1152 1942 lavi
1176 1899 1254 1962 quo·

10 2025 12 2036 =
106 2006 164 2070 qne
179 2004 295 2050 manue
310 2003 395 2050 meas
417 1989 450 2050 et
465 1985 585 2071 sumpsi
600 2007 714 2070 aquam
736 1986 774 2050 ad
798 2007 833 2051 os
850 2007 966 2050 meum.
1012 1984 1054 2049 Et
1069 1984 1147 2062 dico,
1172 1984 1253 2068 qnod

106 2112 159 2175 pre
182 2089 398 2156 amaritudine
420 2090 519 2156 nimia
542 2090 704 2156 devoravit
733 2092 828 2175 pedes
859 2095 892 2156 et
915 2111 1043 2170 manus,
1078 2089 1162 2174 quod
1184 2109 1255 2153 cum

105 2195 214 2262 dolore
236 2215 354 2278 magno
376 2193 475 2260 habui
497 2196 698 2281 abstergere3
722 2201 754 2262 et
776 2197 809 2260 in
832 2217 888 2262 ore
911 2217 982 2260 meo
1003 2194 1154 2278 apparuit
1177 2194 1255 2258 mihi

106 2301 187 2366 sicut
219 2300 350 2386 quidam
383 2300 487 2386 ignis,
520 2305 553 2366 et
575 2301 705 2368 omnino
726 2302 884 2368 sustinere
915 2315 978 2366 non
1002 2300 1103 2384 potui.
1149 2298 1257 2364 Hahui

106 2404 270 2485 haculum,
302 2425 396 2490 quem
425 2426 484 2490 pro
507 2410 600 2489 parte
622 2405 781 2484 immersi,
814 2410 847 2472 et
870 2404 1074 2471 discoloravit
1098 2403 1256 2482 haculum,

108 2510 320 2596 inquantum
342 2511 454 2596 tetigit
476 2533 589 2596 aquam
606 2509 629 2578 ¹.
674 2509 809 2576 Demum
825 2511 1039 2597 equitavimus
1061 2511 1095 2574 in
1111 2509 1257 2574 maximis
1372 2588 1374 2599 Ι

107 2616 266 2681 caloribus
288 2637 346 2700 per
368 2621 469 2682 totam
491 2621 613 2682 vastam
638 2615 861 2692 solitudinem
885 2637 945 2702 ego
968 2637 1025 2699 per
1048 2615 1097 2678 dei
1121 2614 1257 2698 gratiam

107 2741 191 2785 eram
215 2742 290 2788 curn
312 2721 435 2805 primis,
460 2725 492 2786 et
513 2742 585 2786 cam
605 2721 807 2806 pervenimus
829 2722 869 2786 ed
883 2719 1026 2799 Jerieho,
1050 2723 1258 2785 occurrerunt

107 2826 197 2892 nobis
221 2827 361 2912 quidam,
385 2831 417 2892 et
438 2827 470 2892 vi
494 2849 550 2892 nos
573 2828 818 2894 introduxerunt
841 2828 881 2892 ad
898 2825 1060 2891 dominum
1078 2823 1258 2899 officialem,

107 2931 251 2998 nolentes
273 2929 394 3010 Mauri,
426 2938 464 2996 ut
485 2932 603 2998 iremus
626 2953 727 3018 nsque
745 2931 789 2996 ad
812 2931 934 2996 fontem
958 2927 1099 3006 Helinei,
1133 2929 1187 3013 qui
1211 2930 1259 2992 eat

108 3037 139 3101 in
163 3037 244 3122 pede
268 3037 386 3102 montis
407 3035 620 3114 Quarentane.
667 3035 819 3100 Dolentes
842 3035 989 3102 stetimus
1012 3034 1058 3098 ihi
1092 3034 1179 3118 capti
1202 3055 1259 3117 per

107 3141 183 3208 dnae
206 3141 313 3222 horas,
336 3145 413 3206 tuno
435 3143 598 3230 petierunt
621 3142 750 3208 dimitti.
798 3141 902 3206 Mauri
926 3141 1091 3206 dixerunt:
1129 3139 1258 3218 »Arabi

109 3247 207 3314 Arabi
230 3246 348 3314 nolunt
369 3269 424 3314 vos
447 3249 651 3334 permittere,
674 3253 710 3314 ut
733 3247 909 3314 ascendatis
932 3249 1091 3325 montem,
1121 3243 1182 3308 nisi
1206 3243 1258 3308 de·

107 3354 218 3420 danitis
253 3355 299 3418 eis
329 3354 521 3440 tributum«.
567 3352 678 3420 Nostri
712 3353 879 3432 dixerunt,
915 3355 1070 3437 quantum
1102 3353 1258 3434 peterent.

109 3459 285 3526 Dixerunt:
313 3457 405 3526 ›Non
421 3459 526 3526 minus
550 3481 644 3545 quam
665 3459 771 3524 decem
788 3459 948 3524 ducatos«.
995 3453 1085 3520 Tunc
1100 3455 1260 3520 consiliati

676 3611 696 3646 ἥ

180 3725 193 3780 i
220 3722 316 3778 Dinaea
344 3719 450 3777 kloster
477 3719 524 3776 des
551 3719 590 3775 hl.
622 3719 806 3791 Hieronymus
832 3717 883 3788 lag
910 3717 943 3776 'le
970 3716 1090 3772 standan
1118 3713 1261 3771 vvest-sild-

111 3810 237 3868 vaetlich
257 3827 321 3866 vom
339 3807 586 3864 Johannealrloster
609 3807 641 3876 (a.
656 3807 706 3862 120
719 3825 794 3862 anm.
807 3807 843 3877 4).
879 3804 964 3861 Fabri
984 3804 1019 3870 11,
1041 3806 1090 3862 163
1109 3805 1261 3860 neantes:

113 3895 272 3956 »monachis
286 3913 404 3952 vacuum
424 3897 452 3950 et
469 3913 521 3967 pro
538 3895 640 3967 majori
657 3897 740 3966 parte
759 3894 942 3966 dissipatum«
963 3893 1022 3948 und
1041 3893 1114 3962 aagt,
1134 3891 1198 3944 dass
1216 3889 1262 3944 die

112 3985 180 4043 nauh
199 3983 320 4055 dhrigsn
340 3983 573 4040 raumlichkeiten
598 3983 640 4040 als
661 3983 809 4038 viehstalle
827 3983 943 4037 hendtat
962 3980 1084 4036 worden.
1120 3975 1172 4032 Die
1191 3977 1261 4032 noch

113 4071 312 4129 vorhandenen
340 4071 440 4128 ruinen
467 4069 568 4128 heissen
589 4071 677 4126 Kasar
696 4069 809 4140 Hadjla.
846 4055 921 4124 llber
951 4066 997 4122 die
1026 4063 1185 4135 geschichte
1212 4063 1262 4118 der

111 4159 205 4218 kircha
224 4160 284 4216 und
303 4159 351 4216 dee
369 4159 488 4216 klosters
506 4177 526 4216 s.
547 4159 656 4222 Tobler,
677 4157 743 4229 Top.
765 4157 799 4222 11,
819 4158 871 4213 932
886 4155 915 4211 ff.
1022 4153 1039 4208 2
1069 4151 1119 4206 Die
1137 4149 1263 4206 berichte

113 4247 179 4306 ube
206 4247 259 4304 das
277 4249 338 4305 tote
356 4265 432 4304 maer
450 4248 548 4304 lacten
574 4247 618 4303 bai
638 4246 714 4302 allen
732 4245 845 4316 pilgern
872 4262 902 4301 so
921 4241 1050 4298 aiemlich
1070 4237 1170 4309 gleich.
1207 4239 1259 4291 Am

113 4335 350 4394 anaihhrlichsten
367 4334 406 4390 ist
424 4335 508 4391 Fabri
525 4333 562 4400 ll,
582 4335 631 4390 154
650 4333 680 4388 ff.
716 4333 798 4390 Sonat
817 4333 875 4403 vgl.
893 4330 1004 4394 Tobler,
1022 4327 1091 4398 Top-
1110 4325 1145 4392 ll,
1164 4325 1215 4380 906
1230 4323 1260 4378 ff.

112 4422 192 4494 Scpp,
211 4423 267 4480 Jer.
287 4423 308 4488 1,
327 4423 379 4479 783
398 4421 426 4478 ff.
444 4419 613 4488 Euenus,
631 4419 692 4478 Pal.
714 4421 734 4490 l,
755 4421 804 4478 170
823 4420 851 4478 ff.
