3054 4942
797 345 861 413 238

252 525 388 592 tavimus
412 524 450 588 sd
474 524 550 588 litus
572 521 642 587 Nili
664 525 697 587 in
723 523 852 588 Bolalro.
899 523 1040 598 Quantos
1073 523 1225 588 clamores
1260 528 1294 588 et
1326 529 1406 608 quot

251 632 459 696 contumelias
494 635 526 694 et
556 630 716 712 passiones
747 651 805 712 per
826 629 948 713 plateas
971 629 1200 708 sustinuimus,
1234 633 1407 713 antequam

251 739 453 820 pervenimus
476 741 565 800 extra
587 737 767 814 civitatem,
800 758 891 800 nemo
914 737 1072 815 crederet,
1103 735 1130 797 si
1153 735 1279 798 audiret
1295 732 1315 800 ¹.
1364 733 1407 796 Et

251 844 361 907 statim
376 842 537 926 perventis
561 844 599 904 ad
622 840 701 905 litus
716 842 907 905 intravimus
931 863 1042 906 navem
1058 845 1191 924 propter
1206 840 1325 903 habere
1348 861 1405 922 pa·

251 971 327 1013 cem.
376 947 416 1012 El
438 948 598 1013 occidente
620 947 686 1010 sole
718 951 750 1010 ei
782 968 859 1011 cena
880 945 967 1010 facia
988 949 1055 1010 tam
1079 968 1098 1010 a
1119 943 1318 1023 Sarracenis,
1350 943 1405 1027 qui

252 1061 343 1118 erent
359 1058 467 1131 naute,
490 1075 584 1138 qnam
609 1052 831 1136 aperagrinis,
855 1052 1032 1134 incepimus
1053 1051 1205 1134 navigare
1227 1053 1260 1114 et
1275 1049 1405 1113 descen-

252 1161 325 1223 dere
350 1157 473 1222 Nilum.
520 1159 559 1222 lit
594 1158 674 1222 feria
706 1157 803 1221 tertia
827 1157 881 1241 [21
908 1155 995 1242 Oct]
1027 1178 1120 1221 mane
1152 1157 1236 1220 circa
1258 1160 1405 1220 octavam

252 1265 363 1328 horam
391 1265 533 1327 venimus
556 1265 646 1327 iuxta
668 1265 831 1328 civilatem
855 1262 983 1345 Pfuge²
1008 1267 1040 1326 et
1064 1263 1212 1326 stetimus
1235 1261 1281 1324 ibi
1304 1281 1405 1346 usqne

251 1371 289 1433 ad
313 1387 458 1434 occasum
480 1368 565 1433 solis.
611 1369 661 1432 lbi
683 1368 810 1432 oblatus
840 1373 888 1432 est
922 1369 1057 1432 dominis
1081 1367 1259 1450 peregrinis
1282 1365 1406 1430 iuvenis

251 1476 346 1540 draco
368 1475 434 1538 sive
451 1474 625 1538 crocodilus
641 1474 758 1551 vivens,
782 1474 815 1536 in
832 1473 1033 1556 longitudine
1055 1473 1144 1555 pedis
1167 1493 1238 1536 cum
1260 1471 1404 1552 dimidio,

252 1603 346 1665 quem
368 1579 445 1644 fecit
461 1602 563 1644 emere
578 1580 723 1644 dominns
738 1577 913 1643 Smasmam
938 1580 974 1642 de
992 1578 1218 1661 Rappelsteyn.
1265 1575 1306 1640 El
1330 1581 1403 1660 posi

251 1687 328 1750 duas
352 1687 445 1750 horus
468 1685 554 1749 veuit
577 1685 658 1749 alius
682 1684 812 1748 Maurus
836 1688 967 1767 portans
1000 1705 1125 1749 murem
1148 1684 1318 1762 viventem,
1343 1703 1405 1766 que

250 1798 382 1857 vocatur
415 1813 484 1855 mus
507 1789 702 1870 Pharaonis,
736 1813 797 1875 qne
830 1793 900 1854 erat
934 1791 966 1852 in
992 1791 1172 1873 quantitate
1203 1789 1297 1852 unius
1325 1789 1405 1852 catti

252 1897 370 1980 magni,
394 1902 427 1960 el
450 1896 536 1978 capit
559 1897 638 1961 alios
661 1917 775 1974 mures,
800 1917 893 1980 quem
909 1895 1006 1958 etiem
1029 1895 1106 1959 fecit
1122 1916 1226 1959 emere
1241 1894 1404 1977 predictus

252 2003 397 2068 dominus
416 2001 581 2065 Nicolaum
601 2000 848 2084 Mallerngart⁸.
896 2000 938 2063 Et
960 2001 1021 2063 ista
1037 2005 1129 2064 nocte
1146 2021 1203 2083 per
1220 2004 1320 2063 totam
1345 2021 1403 2062 na-

250 2107 428 2189 vigavimus
452 2106 574 2171 Nilum.
621 2105 713 2170 Feriu
745 2111 859 2191 quarta
884 2103 942 2192 [22
967 2103 1054 2192 Ocu]
1085 2127 1178 2169 mene
1198 2105 1404 2188 pervenimus

252 2214 342 2276 iuxta
374 2213 537 2277 civitatem
561 2211 710 2275 Rosciam
726 2211 748 2276 ⁴.
796 2209 844 2274 lbi
877 2210 981 2275 solum
1012 2211 1204 2274 mutavimus
1227 2231 1338 2273 navem
1372 2215 1404 2273 et

251 2322 391 2396 nautam,
416 2317 490 2400 quia
513 2317 676 2393 dixerunt,
710 2315 794 2398 quod
826 2314 930 2378 asinos
961 2335 1018 2396 per
1049 2318 1168 2378 terram
1190 2313 1305 2377 hebere
1339 2335 1402 2377 non

252 2443 430 2505 possemus,
454 2427 485 2485 et
507 2421 700 2484 seduxerunt
721 2441 778 2483 nos
799 2420 933 2501 pessime
947 2415 970 2497 ⁶,
1001 2423 1032 2481 et
1062 2440 1134 2484 cum
1157 2417 1348 2483 difficultate
1373 2423 1404 2482 et

252 2547 370 2612 magno
387 2526 491 2610 pretio
507 2526 661 2590 conducta
679 2547 757 2588 nave
773 2525 889 2588 iterum
907 2523 1135 2608 navigavimus,
1159 2529 1323 2607 sperantes
1347 2526 1404 2589 ills

251 2632 301 2695 die
316 2631 481 2714 pervenire
500 2630 735 2693 Alexandriam.
773 2629 813 2692 ilc
836 2630 919 2693 circa
934 2630 1101 2693 secundam
1127 2631 1237 2694 horam
1253 2631 1402 2712 perveni-

253 2757 323 2800 mus
346 2737 384 2798 ad
409 2735 612 2798 latitudinem
628 2734 716 2818 Nyli,
741 2741 773 2798 et
795 2735 905 2818 tetigit
929 2735 1017 2798 navis
1040 2734 1183 2816 fundum,
1208 2741 1240 2800 et
1255 2737 1402 2800 stetimus

251 2842 296 2905 ibi
320 2841 351 2904 in
375 2841 517 2926 periculo
539 2861 656 2924 magno
680 2847 745 2904 tarn
770 2863 807 2904 ex
830 2842 952 2922 impetu
976 2845 1145 2904 ventorum
1168 2862 1261 2924 quam
1286 2865 1324 2906 ex
1347 2843 1402 2906 de-

816 2963 832 2993 4,
1254 2961 1257 2970 .

321 3035 333 3087 1
356 3031 438 3087 Fabri
457 3033 505 3096 ΙΙΙ,
526 3031 576 3086 106
596 3032 615 3085 f.
634 3032 742 3088 ebenso.
780 3033 836 3087 Vor
863 3031 939 3086 ihrer
968 3031 1074 3087 abreise
1098 3031 1212 3087 vvnrden
1239 3032 1285 3088 die
1311 3033 1403 3104 pilger

252 3137 315 3174 vom
335 3120 491 3188 dragoman
520 3119 590 3174 noch
618 3119 649 3174 in
674 3119 903 3174 unverschimter
922 3119 1004 3174 weise
1022 3118 1261 3188 gebrandschatzt
1279 3122 1337 3174 und
1357 3122 1403 3177 be·

250 3210 358 3277 irogen.
465 3208 481 3259 2
501 3206 584 3261 Fabri
604 3207 651 3273 ΙΙΙ,
673 3209 737 3262 110:
758 3208 884 3270 »Phua«,
906 3207 957 3262 das
976 3207 1090 3276 heutige
1109 3206 1176 3260 Fua.
1282 3209 1299 3262 3
1319 3208 1402 3263 Fabri

249 3294 299 3359 ΙΙΙ,
322 3297 368 3348 111
389 3296 516 3349 ervdhnt
534 3294 608 3350 diese
626 3295 695 3350 tiere
716 3297 800 3359 auch,
821 3298 886 3365 sagt
905 3295 972 3350 aber
991 3313 1054 3351 vom
1074 3295 1158 3349 lrauie
1177 3295 1224 3350 dee
1243 3295 1402 3352 krokodilea

250 3383 351 3438 nichts.
385 3383 573 3453 Mallerngart
591 3384 628 3438 iat
638 3384 791 3453 J'edenlalls
804 3385 942 3439 identisch
962 3385 1016 3437 mit
1034 3383 1097 3438 dem
1111 3401 1164 3440 von
1175 3383 1306 3438 Walther
1323 3387 1402 3440 sonet

250 3470 329 3524 nicht
356 3475 518 3540 genannten
546 3472 634 3541 biujor
654 3471 754 3524 lnlrrut
772 3471 870 3526 Febris
889 3471 924 3537 ΙΙ,
945 3471 1003 3526 ios.
1111 3474 1125 3524 4
1156 3469 1251 3526 »Circa
1277 3473 1401 3527 medium

250 3559 339 3614 noctis
360 3559 484 3614 venimus
511 3577 565 3614 non
586 3561 669 3630 longe
695 3561 731 3613 ab
751 3560 853 3629 oppido
874 3559 988 3614 R-osetti.
1025 3559 1135 3616 Aurora
1153 3558 1329 3614 illucescente
1348 3561 1401 3616 sol·

251 3645 340 3700 vimus
359 3663 460 3701 nuvem
479 3650 507 3702 et
525 3647 555 3700 in
573 3651 685 3716 portum
699 3645 807 3701 Rosetti
830 3645 1051 3714 navigavimus.‹
1080 3645 1164 3700 Fabri
1180 3645 1223 3712 111,
1240 3647 1297 3701 112.
1337 3646 1402 3700 Hier

252 3736 375 3788 mussten
395 3733 433 3788 sie
453 3734 497 3788 die
510 3735 607 3790 kosten
622 3734 667 3787 fiir
686 3733 730 3786 dic
745 3733 827 3792 fahrt.
848 3733 950 3787 welche
969 3733 1008 3786 sie
1021 3733 1084 3787 dem
1096 3733 1252 3802 dragomun
1272 3734 1302 3788 in
1317 3735 1402 3790 Kairo

249 3821 352 3876 bereits
371 3821 462 3890 erlegt
481 3821 590 3882 hatten,
609 3821 738 3877 nochmal
761 3821 901 3874 bezahlen.
973 3823 988 3875 5
1008 3821 1092 3876 Fabri
1112 3821 1159 3885 ΙΙΙ,
1174 3823 1225 3876 113
1245 3823 1308 3877 halt
1326 3823 1401 3878 dieue

251 3907 362 3977 angebo
380 3908 426 3961 rur
443 3909 530 3962 wahr.
568 3907 646 3962 Nach
669 3909 760 3962 seiner
778 3907 932 3978 erathlung
950 3908 1050 3963 hutten
1076 3909 1121 3963 die
1139 3909 1230 3979 pilger
1247 3909 1401 3980 cigentlioh

251 4013 284 4048 an
303 3995 388 4048 lande
409 4013 461 4050 von
481 3994 595 4049 Rosette
624 3995 695 4048 nach
714 3995 904 4050 Alexandrien
930 3997 1021 4050 reisen
1049 4002 1172 4061 misnen,
1201 3997 1238 4052 da
1266 3999 1305 4053 sie
1335 4001 1402 4054 aber

249 4082 331 4136 hcine
343 4082 771 4152 kamelebelromurenlronnten.
791 4083 893 4138 iuhren
912 4084 951 4138 vie
970 4087 1042 4139 trotn
1063 4085 1110 4139 des
1122 4085 1248 4140 verbotes
1268 4087 1319 4140 aui
1336 4087 1400 4142 dem

250 4170 386 4224 oberbalb
405 4171 519 4224 Rosette
540 4187 602 4225 vom
621 4169 669 4223 Nil
690 4169 904 4240 abaweigend'en
923 4172 980 4225 und
999 4189 1048 4225 zur
1066 4171 1198 4228 frliheren
1211 4174 1400 4230 kenobischen

257 4256 454 4328 Nilmiindung
473 4257 629 4312 stibrenden
655 4257 766 4315 kanale.
806 4259 854 4313 [lie
872 4260 989 4314 meisten
1009 4260 1131 4315 anderen
1149 4262 1241 4331 pilger
1268 4263 1400 4318 machion

257 4344 351 4400 diesen
370 4361 429 4414 vveg
447 4363 480 4398 au
500 4345 598 4412 lundc;
627 4363 656 4401 so
675 4346 782 4401 Tucher
801 4347 857 4400 und
878 4349 983 4411 ltieler,
1002 4348 1140 4414 Gbistele,
1167 4349 1216 4403 der
1234 4350 1279 4405 die
1298 4353 1401 4406 entier·

249 4450 328 4504 nung
346 4435 398 4488 auf
416 4435 455 4499 16,
476 4433 533 4488 und
552 4433 641 4501 Harii,
662 4433 711 4490 der
728 4435 768 4490 sie
786 4438 836 4490 aui
852 4439 887 4492 40
905 4436 988 4507 (wohl
1007 4437 1134 4508 vveleche)
1152 4437 1254 4493 meilen
1273 4439 1398 4510 angiebt.
