3056 4944
657 323 720 390 127

107 499 319 566 intervenerit
335 521 393 584 per
409 499 554 564 eundern.
586 498 677 564 Detis
693 498 909 565 Iherosolimis
926 499 958 563 in
975 505 1131 565 conventu
1148 503 1266 566 montis

107 603 213 690 Syon,
237 605 272 669 in
296 626 360 690 qno
383 603 422 670 ad
444 605 549 670 minus
572 627 631 690 per
661 605 712 670 dei
735 606 875 689 gratiam
898 627 955 689 per
979 627 1097 670 annum
1120 629 1265 690 persevc-

107 710 196 788 rabo,
220 731 305 774 anno
328 707 447 774 Christi
474 709 557 774 1482
591 710 623 773 in
660 709 711 774 die
733 709 836 774 sancti
859 707 1047 795 Augustini,
1069 734 1131 796 qne
1153 716 1202 776 est
1223 711 1267 777 28

108 813 263 898 Augusti.

199 918 336 984 Demum
359 921 434 986 steti
467 921 500 984 in
523 925 633 986 monte
656 919 741 1005 Syon
777 941 836 1003 per
868 919 1080 1004 deigratiam
1103 943 1202 1008 usqne
1227 923 1265 986 ad

107 1024 150 1089 26
174 1025 260 1090 diem
286 1023 433 1092 Octobris
458 1029 490 1090 et
507 1025 571 1091 VII
587 1025 732 1092 calendas
749 1023 949 1103 Novembris,
973 1029 1005 1090 et
1028 1031 1097 1090 erat
1119 1027 1266 1091 sabatina

107 1131 185 1196 dies.
235 1129 276 1194 Et
299 1131 330 1194 in
355 1131 424 1215 ipsa
447 1132 498 1196 die
522 1133 559 1197 de
582 1152 654 1196 sero
677 1131 760 1196 circa
783 1131 918 1214 primam
950 1129 1061 1195 horam
1078 1133 1192 1212 noctis,
1216 1133 1266 1196 vel

107 1235 285 1300 seeundum
302 1235 474 1301 Alamanos
496 1237 580 1302 circa
594 1243 716 1302 sextam
731 1234 853 1316 horem,
868 1234 952 1300 facta
969 1241 1016 1300 est
1032 1237 1106 1300 talis
1122 1238 1266 1321 ecclipsis

107 1341 185 1404 lune
209 1345 242 1404 et
264 1341 391 1406 duravit
414 1342 503 1426 quasi
534 1343 573 1406 ad
596 1341 734 1405 mediam
757 1345 902 1419 noctem,
934 1345 1012 1404 tunc
1033 1340 1190 1423 paulatim
1214 1363 1264 1404 re·

106 1445 221 1526 cessit,
256 1450 289 1510 et
319 1451 387 1512 erat
416 1467 479 1510 nox
502 1445 720 1520 serenissima3
753 1451 786 1510 et
821 1445 905 1509 fecta
928 1465 1012 1508 anno
1036 1441 1154 1509 Christi
1183 1447 1265 1510 1482

107 1550 159 1614 die
183 1555 220 1614 ut
244 1571 340 1634 supra
358 1549 378 1617 ¹.

423 1657 467 1720 De
490 1657 627 1742 quodam
650 1652 821 1742 apostata²
845 1678 864 1720 a
887 1655 956 1720 lide.

200 1760 288 1826 Henl
313 1761 390 1828 heu!
414 1762 611 1828 cumdolore
628 1762 742 1838 cordis,
766 1759 971 1845 prohdolor!
994 1759 1174 1825 miserabile
1190 1781 1264 1825 con-

109 1867 252 1950 tingens,
276 1868 359 1952 quod
383 1868 504 1933 facturn
529 1873 576 1932 est
599 1889 682 1950 anno
706 1867 825 1931 Christi
844 1866 927 1931 1482
951 1866 982 1928 in
1008 1865 1059 1929 die
1081 1869 1189 1930 sancte
1207 1864 1264 1929 Ce-

109 1971 184 2037 cilie
206 1973 344 2058 virginis
367 1979 398 2038 et
421 1974 575 2060 martyris
599 1974 657 2056 [22
680 1972 778 2054 Non]
803 1972 930 2037 domino
953 1970 1177 2054 permittente,
1211 1970 1265 2054 qui

108 2077 221 2143 cadere
238 2081 399 2162 permittit
414 2101 523 2144 omines
539 2079 682 2144 nolentes
706 2079 737 2141 in
762 2099 817 2160 spe
834 2076 946 2140 salutis
968 2081 1054 2139 stare
1077 2078 1109 2138 et
1130 2075 1266 2138 firmiter

109 2183 142 2247 in
167 2205 241 2248 eum
257 2183 392 2249 credere.
438 2181 523 2248 Nem
540 2182 668 2269 quidam
684 2182 761 2246 satis
779 2179 940 2258 notabilis,
957 2179 1110 2244 Indienus
1127 2179 1266 2259 natione,

109 2289 307 2372 apostatavit
329 2311 348 2354 u
370 2289 430 2354 fide
448 2289 606 2354 catholica
629 2291 661 2352 et
676 2287 848 2370 abnegavit
871 2291 904 2350 et
923 2285 1193 2352 circumcisionem
1217 2307 1266 2348 re-

111 2395 197 2478 cepit
213 2398 247 2458 et
264 2393 367 2459 fuctus
384 2399 433 2460 est
448 2417 529 2458 nnus
550 2394 587 2458 de
604 2393 748 2477 pessima,
773 2391 944 2456 falsissime
967 2395 999 2456 et
1014 2391 1164 2455 mendosa
1179 2395 1264 2454 secta

111 2497 317 2564 hinchometi.
363 2499 461 2576 Quem
478 2500 615 2584 gloriose
632 2504 838 2583 susceperunt
858 2499 1012 2564 officiales
1035 2498 1121 2582 regis
1143 2496 1265 2561 soldani

113 2601 341 2684 iherosolimis,
366 2605 539 2688 plurimum
555 2605 732 2690 gloriantes
756 2604 793 2668 de
810 2603 988 2686 perditione
1004 2603 1108 2667 anime
1123 2601 1264 2685 glorioso

111 2709 270 2794 sanguine
293 2707 413 2774 Christi
437 2711 609 2800 redempte.
657 2707 717 2785 Qui
740 2731 773 2773 se
796 2731 860 2774 non
883 2709 986 2774 solum
1009 2709 1041 2772 in
1067 2708 1184 2774 diaboli
1208 2729 1265 2791 po-

111 2819 260 2880 testatem
278 2816 421 2896 tradidit,
445 2816 500 2882 sed
523 2819 556 2880 et
571 2816 651 2881 alios
666 2837 721 2880 sue
738 2814 887 2891 nationis,
912 2815 1042 2878 devotos
1058 2812 1265 2889 Christianos,

111 2921 299 3000 tribulavit,
333 2943 369 2986 ac
403 2922 442 2985 nb
473 2921 518 2985 eis
542 2921 710 3005 pecuniam
739 2920 856 2984 iniuste
879 2921 1029 2992 extorsit,
1066 2940 1144 3004 qnos
1167 2918 1264 2982 etiam

111 3026 309 3090 mendaciter
330 3047 407 3110 erga
424 3027 563 3110 prelatos
578 3026 731 3092 officiales
747 3027 915 3090 accusavit.
962 3023 1004 3088 Et
1021 3025 1107 3088 lacta
1129 3029 1177 3086 est
1201 3044 1262 3085 non

112 3131 236 3196 modica
259 3131 460 3215 perturbatio
483 3137 515 3196 et
536 3133 705 3198 tribulatio
729 3131 814 3216 apud
837 3151 945 3195 omnes
969 3127 1186 3207 Christianos,
1210 3128 1263 3211 qui

114 3235 307 3302 habitabant
324 3235 548 3303 iherosolimis.
597 3237 751 3303 Dominus
767 3236 877 3302 Iberus
900 3257 958 3320 per
973 3255 1082 3319 preces
1104 3255 1159 3297 sue
1175 3232 1265 3316 geni·

115 3343 204 3406 tricis
227 3343 378 3426 dignetur
401 3365 588 3410 conservare
610 3365 720 3408 omnes
744 3343 825 3406 bone
846 3341 1024 3406 voluntatis
1046 3342 1079 3403 et
1102 3337 1265 3403 eredentes

113 3449 145 3512 in
170 3469 246 3513 eum
268 3448 387 3533 ubique
409 3449 580 3514 existentes
603 3449 762 3534 usquead
786 3449 891 3512 finem.
937 3447 1049 3510 Amen.

452 3553 498 3618 De
521 3555 643 3619 duobus
665 3553 736 3617 eliis
760 3552 924 3637 apostatis.

200 3655 376 3741 Tempore,
406 3679 468 3743 quo
491 3659 567 3724 steti
591 3657 824 3739 iherosolimis,
848 3663 1011 3722 narratum
1036 3661 1083 3720 est
1105 3656 1185 3722 mihi
1209 3677 1266 3739 per

116 3761 308 3844 iohannem,
332 3763 465 3830 fratrem
499 3764 587 3830 tertii
611 3763 731 3830 ordinis
753 3764 854 3830 sancti
879 3761 1048 3842 Francisci,
1071 3761 1109 3826 de
1132 3759 1264 3842 Prusys‚

186 3973 200 4028 1
221 3973 257 4028 Es
277 3972 315 4028 ist
328 3971 489 4036 andellend
509 3969 717 4026 darsWalther
737 3969 796 4026 hier
815 3969 872 4024 und
886 3971 981 4040 sptter
998 3968 1070 4026 noch
1088 3966 1192 4023 eiumal
1212 3963 1265 4018 mit

114 4061 222 4118 solcher
241 4061 476 4116 auelllhrlichlreit
494 4075 549 4116 von
575 4061 652 4116 einer
669 4058 910 4116 mondsllnsteruis
928 4057 1048 4128 sprlcht,
1075 4054 1119 4110 die
1143 4051 1264 4122 judoch

114 4147 179 4204 hein
197 4149 319 4205 seltenes
343 4149 463 4218 ersignis
483 4167 549 4204 nar.
657 4149 674 4203 2
695 4149 757 4217 Vgl.
777 4150 811 4202 lo
831 4165 905 4202 anm.
924 4149 949 4203 4.
978 4143 1077 4198 Wadd.
1097 4143 1169 4196 Anu.
1190 4137 1264 4202 XIV,

114 4239 166 4294 248
184 4238 340 4302 beriebtet‚
358 4237 422 4292 dass
440 4237 486 4293 ein
505 4237 657 4308 gesandter
680 4237 728 4292 des
745 4236 847 4305 ktnigs
866 4253 919 4292 von
939 4230 1102 4288 Abessinisn
1123 4226 1265 4282 Muhame·

116 4325 203 4383 danen
221 4325 371 4397 gewordsn
389 4326 437 4382 sei.
475 4327 510 4381 Er
537 4325 589 4380 bat
615 4341 689 4380 aner
717 4323 798 4378 hcine
825 4339 935 4394 genens
960 4317 1140 4387 acitangabo,
1165 4314 1264 4384 jedocb

116 4433 191 4470 murs
209 4417 300 4470 dieser
319 4413 409 4470 abiall
428 4413 497 4470 auch
527 4432 574 4468 um
594 4413 670 4469 disse
688 4411 743 4467 neit
761 4411 865 4482 erlolgt
883 4409 951 4465 sein.
