3054 4944
672 346 736 413 285

125 526 162 590 de
184 527 293 590 eadem
317 530 409 611 petra
438 523 525 589 faeta
558 527 621 602 est,
654 523 747 606 pedes
770 526 890 606 septem
913 521 1033 587 habens
1056 521 1278 604 longitudinis,

127 637 160 695 et
182 632 287 696 tribus
310 631 427 716 palmis
450 631 547 694 altius
564 636 669 694 cetero
686 627 878 712 pavimento,
903 629 1043 694 eminens
1067 629 1156 712 quasi
1172 647 1277 691 sareo-

126 733 220 819 lagus
243 735 463 820 superpositus
487 733 711 810 fundamento,
744 731 794 795 vel
828 731 861 794 iu
897 731 967 815 ipsa
999 733 1122 817 pariete
1156 731 1278 796 loculus

126 839 229 904 lactus
251 845 330 920 erat,
353 839 435 904 siout
458 838 496 901 lit
518 837 552 900 in
575 836 674 900 muris
698 837 863 900 domorum
886 835 923 899 ad
947 835 1098 900 utensilia
1120 856 1277 919 reponen-

127 945 196 1010 da«.
244 944 285 1009 Et
305 947 421 1009 iterum
441 942 539 1006 Beda:
565 939 704 1006 ›Looum
721 939 811 1004 illum
835 961 898 1004 non
914 940 1049 1024 desuper
1070 941 1123 1005 sed
1145 940 1279 1004 alatere

129 1049 305 1114 meridiano
321 1049 478 1133 patulum,
502 1047 585 1112 unde
599 1065 713 1130 eorpus
729 1045 934 1124 inferebatur,
958 1047 1041 1131 quod
1058 1051 1164 1110 temen
1182 1046 1277 1110 etiam

127 1157 228 1239 priori
245 1155 403 1220 sententie
425 1152 582 1237 congruit,
607 1151 689 1236 quod
706 1155 787 1214 esset
803 1151 893 1234 quasi
909 1149 1093 1236 sarcofagus
1108 1151 1279 1215 inclinatus

129 1281 225 1344 super
247 1259 344 1338 latus,
367 1265 552 1342 aperturam
576 1255 697 1320 hahens
728 1277 746 1318 a
777 1255 878 1318 latere
908 1276 972 1320 nou
996 1257 1139 1340 desuper.
1185 1255 1280 1322 Color
1390 1343 1401 1353 .

127 1386 200 1429 vero
223 1361 321 1429 loculi
345 1367 377 1427 et
399 1360 597 1426 monumenti
621 1359 798 1424 rubicundo
827 1365 860 1424 et
882 1359 955 1424 albo
978 1361 1096 1425 dieitur
1118 1383 1184 1426 esse
1206 1383 1278 1444 per·

128 1469 278 1534 mixtus.‹
327 1465 395 1531 Heo
416 1467 524 1530 omnia
549 1465 659 1530 Bedal
682 1517 690 1531 .
716 1515 723 1530 .
748 1514 756 1528 .
781 1464 825 1549 [p.
849 1464 926 1550 260]
951 1516 958 1530 .
983 1517 1022 1533 ..
1059 1467 1095 1531 ln
1119 1467 1187 1551 ipso
1210 1467 1279 1532 loco

128 1573 279 1638 dominici
294 1571 453 1656 sepulchri
477 1577 552 1635 sunt
573 1571 716 1654 plenarie
732 1570 940 1655 indulgentie,
964 1579 996 1636 et
1011 1571 1160 1636 visitatur
1182 1595 1201 1636 a
1224 1593 1278 1656 pe·

130 1678 277 1764 regrinis,
301 1681 333 1742 et
356 1677 443 1741 intus
466 1681 616 1742 creantur
637 1676 774 1752 milites3
797 1683 829 1740 et
853 1698 912 1761 ego
935 1677 999 1741 dixi
1022 1679 1128 1761 sepius
1151 1678 1279 1742 missam

129 1784 227 1862 intus,
251 1787 284 1848 et
299 1783 390 1866 posui
414 1803 465 1846 me
481 1781 600 1846 directe
622 1780 711 1844 intus
726 1780 930 1864 sepulchrum
947 1779 1078 1861 Christi,
1101 1803 1165 1847 nou
1181 1787 1279 1848 teme-

129 1889 213 1952 rarie
234 1889 289 1952 sed
312 1910 350 1952 ex
372 1909 459 1952 mera
479 1887 654 1966 devotione,
678 1907 740 1952 non
764 1886 797 1950 in
814 1892 1032 1972 contemptum
1053 1888 1107 1952 sed
1129 1889 1170 1952 ob
1193 1909 1280 1952 amo·

130 2017 197 2059 rem
220 1993 339 2058 domini
363 1993 426 2058 mei
449 1991 543 2056 lhesu
567 1991 705 2071 Christi,
730 1993 784 2078 qui
808 1992 853 2056 ibi
878 1993 1000 2077 quievit
1022 1997 1054 2056 et
1076 1993 1188 2056 deinde
1210 1990 1280 2074 glo'-

132 2100 214 2165 riose
237 2105 270 2164 et
293 2102 441 2182 potenter
455 2099 594 2163 surrexit
618 2148 624 2162 .
643 2147 650 2160 .
669 2148 676 2162 .
702 2097 746 2182 [p.
763 2095 840 2182 261]
865 2147 873 2162 .
892 2147 924 2162 ..
948 2098 1086 2182 lapidem
1102 2097 1279 2162 revolutum

129 2203 250 2268 habent
273 2203 414 2282 Armeni,
437 2206 470 2267 et
491 2203 610 2268 nemini
634 2203 790 2287 quidqum
812 2203 850 2268 de
872 2201 930 2268 illo
953 2205 1047 2282 dant,
1083 2207 1281 2287 quapropter

129 2308 234 2372 adhue
264 2307 358 2372 hodie
391 2313 439 2372 est
460 2307 552 2372 valde
574 2329 719 2392 magnus.
767 2307 833 2392 Ego
867 2307 932 2372 dixi
966 2307 1063 2372 semel
1091 2329 1279 2391 supereum

128 2413 257 2478 missam
273 2411 297 2478 ².

221 2515 270 2603 [p.
286 2516 366 2604 262]
391 2516 501 2597 Locus,
524 2517 580 2582 ubi
604 2518 753 2601 apperuit
769 2515 879 2582 Ihesus
897 2517 998 2582 Mario
1012 2517 1210 2604 Magdalene,
1234 2521 1282 2582 est

131 2623 162 2688 in
180 2625 303 2707 templo
317 2623 465 2689 dominici
481 2622 641 2707 sepulchri
664 2645 682 2686 a
697 2629 789 2706 parte
805 2623 997 2706 aquilonari,
1021 2630 1095 2688 ante
1110 2623 1278 2688 introitum

130 2729 251 2814 capelle
274 2729 365 2794 beate
389 2727 523 2810 virginis
548 2726 657 2792 Marie.
705 2726 746 2790 Et
768 2732 844 2790 sunt
876 2727 921 2790 ihi
945 2727 1042 2810 positi
1075 2728 1137 2792 duo
1160 2727 1281 2811 lapides

130 2833 188 2900 lati
213 2837 246 2899 et
269 2833 416 2911 rotundi;
439 2833 473 2898 in
497 2854 560 2897 uno
582 2833 675 2897 stetit
697 2831 808 2898 lhesus
830 2835 863 2896 et
884 2833 918 2896 in
941 2834 1004 2898 alio
1028 2833 1131 2898 Maria
1146 2833 1278 2918 Magda-

202 3134 214 3186 1
236 3131 316 3186 Diese
328 3129 533 3200 beschreibung
549 3131 588 3184 ist
601 3130 646 3186 ein
659 3129 769 3196 beneis,
787 3131 852 3186 dass
874 3131 920 3186 dis
932 3130 1046 3200 kepelle
1063 3131 1110 3185 des
1129 3131 1167 3186 hl.
1180 3129 1282 3200 grabes

131 3219 168 3274 im
182 3218 381 3273 wesentliohen
400 3218 453 3272 seit
472 3217 525 3270 den
538 3218 659 3271 altesten
672 3215 762 3270 aeiten
782 3217 826 3271 bis
844 3217 896 3272 auf
906 3217 960 3272 deu
973 3217 1108 3288 heutigen
1126 3220 1179 3287 tag
1190 3219 1280 3288 gleioh

130 3306 279 3376 gehliehen
297 3305 343 3366 iet.
379 3305 415 3358 Es
434 3306 471 3358 ist
489 3304 549 3359 hier
568 3303 646 3358 nieht
668 3304 717 3358 der
734 3306 830 3375 plata,
856 3305 901 3360 die
920 3305 974 3360 viel
993 3305 1174 3360 umstrittene
1202 3305 1282 3376 drage

132 3395 199 3450 uber
216 3393 263 3448 die
281 3391 407 3447 eohtheit
425 3393 472 3446 des
491 3391 531 3448 hl.
544 3392 645 3461 grabes
660 3393 867 3448 ausldhrlioher
885 3411 919 3448 au
934 3393 1110 3465 hespreehen.
1147 3394 1283 3450 Erwahnt

129 3481 168 3537 aei
187 3497 256 3545 nur,
285 3480 349 3533 dass
377 3479 426 3534 der
445 3479 637 3550 hauptgrund‚
656 3479 774 3535 weloher
792 3495 848 3535 von
869 3481 971 3537 Tohler
998 3500 1025 3535 u.
1044 3482 1167 3538 anderen
1192 3499 1282 3552 gegeu

130 3569 175 3624 die
187 3565 371 3638 mogliohlreit
388 3567 437 3622 der
449 3567 574 3622 eohtheit
585 3566 729 3622 desselben
743 3568 897 3638 augeluhrt
910 3568 1013 3632 surde,
1032 3569 1097 3624 dass
1116 3587 1144 3624 es
1158 3569 1282 3624 ntmlioh

130 3657 210 3711 nieht
228 3655 386 3710 ausserhalb
405 3655 454 3710 der
466 3654 584 3709 aweiten
596 3671 693 3710 maner
711 3655 761 3710 der
779 3655 858 3710 stadt
869 3655 1025 3710 Jerusalem
1045 3657 1124 3726 liege,
1144 3675 1199 3713 von
1214 3657 1282 3712 hau-

129 3747 177 3799 rat
197 3743 296 3798 Schielr
320 3743 446 3798 daduroh
464 3742 611 3812 widerlegt
630 3742 738 3804 warde.
767 3741 831 3797 dass
859 3760 889 3798 er
917 3743 971 3797 den
999 3743 1077 3799 alten
1096 3745 1282 3814 stadtgraben

130 3831 188 3886 und
204 3831 389 3886 fundamento
407 3830 457 3886 der
475 3831 564 3897 alten,
582 3831 699 3886 aweiten
711 3831 892 3886 stadtmauer
910 3830 988 3896 land,
1008 3831 1080 3886 nach
1093 3832 1215 3885 welohen
1233 3831 1283 3884 der

131 3919 212 3992 plata
241 3919 291 3974 der
309 3918 506 3989 grabeakirohe
533 3935 582 3972 zur
609 3917 664 3972 aeit
682 3917 747 3972 Jesu
774 3915 932 3974 arsllerhalb
960 3918 1009 3973 der
1027 3918 1204 3972 stadtmauer
1233 3917 1283 3986 lag

128 4005 454 4070 ZDPV.v111,245ff.
491 4007 586 4060 Etwas
608 4005 809 4076 eigeutdmlieh
830 4007 922 4061 mutet
950 4023 978 4060 es
1007 4022 1057 4068 au,
1086 4003 1282 4058 wenu'l'obler

129 4095 184 4150 mit
203 4093 305 4166 grosser
324 4093 456 4164 emphase
475 4093 519 4149 die
532 4093 746 4149 verschiedenen
760 4093 957 4159 missbrltuche,
978 4093 1081 4148 welche
1099 4092 1129 4146 in
1148 4091 1197 4146 der
1216 4110 1280 4163 gru·

128 4181 276 4236 beelrirohe
288 4179 414 4234 wirhlich
433 4181 499 4236 oder
518 4180 667 4250 angeblioh
681 4181 899 4250 vorgelrommen
919 4181 989 4246 sind,
1008 4181 1049 4234 als
1068 4179 1168 4234 beweis
1187 4197 1279 4249 gegen

128 4269 216 4324 deren
240 4268 365 4323 eohtheit
382 4268 521 4325 vorfdhrt.
557 4269 649 4323 Weun
667 4268 757 4323 dieser
776 4269 876 4325 heweis
894 4267 1061 4336 stiohhaltig
1080 4272 1168 4330 utre,
1188 4267 1283 4322 ddrste

126 4375 158 4413 aa
177 4355 264 4410 haum
284 4353 330 4411 eiu
348 4356 549 4412 vielbesuehtes
568 4357 662 4412 eohtes
681 4357 829 4427 heiligtum
849 4357 946 4426 geben.
984 4353 1062 4409 Tobl.
1084 4353 1166 4423 Golg.
1188 4357 1237 4411 160
1255 4355 1282 4412 ll'.

127 4445 146 4500 2
165 4444 248 4500 Siehe
265 4443 337 4500 ohen
355 4461 376 4500 a.
395 4443 455 4500 276.
