3062 4938
821 313 864 378 54

271 509 349 572 quoe
371 486 534 552 interfecit
557 486 696 553 Herodes
720 509 775 552 rex
799 493 930 573 propter
953 489 1113 554 Christum
1139 491 1170 552 in
1199 488 1359 556 Bethleem
1382 495 1413 556 ct

269 593 301 656 in
327 591 444 658 finibus
466 591 534 657 eius
552 589 571 655 ¹.
617 591 655 656 ln
680 595 813 659 ecclesia
835 596 937 660 sancti
959 593 1039 674 Job,
1071 595 1125 659 uhi
1159 595 1279 660 habent
1301 595 1413 662 fratres

269 697 406 762 minores
421 696 671 781 pulcherrimum
696 699 922 764 monasterium
947 699 985 763 de
1007 700 1218 778 observantia,
1242 700 1286 767 ibi
1310 703 1413 786 requi-

270 803 347 866 escit
370 823 484 885 corpus
500 801 662 884 integrum
686 803 789 868 sancti
805 801 888 869 Luce
904 805 1118 890 evangelistc3
1142 805 1201 872 boc
1217 828 1330 891 corpus
1351 807 1413 872 vidi

268 907 345 970 licet
366 928 436 971 curn
461 907 602 990 indignis
625 907 726 973 oculis
758 908 855 988 meis,
888 913 919 973 et
949 909 1042 974 huius
1065 911 1110 974 rei
1133 911 1277 976 veritatis
1299 911 1415 976 habent

269 1011 386 1076 iratres
415 1012 685 1077 confirmationem
720 1015 898 1098 aquodam
921 1036 1005 1098 papa
1017 1012 1039 1078 ¹.
1086 1014 1123 1080 In
1158 1016 1265 1080 eadem
1288 1017 1415 1082 civitate

270 1116 395 1200 quidam
421 1116 470 1180 vir
493 1116 610 1182 nobilis
634 1122 723 1197 erat,
741 1119 797 1203 qui
820 1119 934 1184 babuit
957 1142 1054 1184 unum
1079 1120 1297 1204 elephantem,
1329 1125 1362 1185 et
1384 1122 1415 1185 in

268 1226 379 1286 octava
403 1222 453 1286 die
478 1222 594 1286 mensis
618 1221 693 1308 llay
715 1246 753 1288 cx
777 1225 912 1310 quadarn
943 1225 1128 1290 curiositate
1164 1231 1196 1290 et
1220 1225 1353 1292 raritate
1375 1226 1417 1290 ivi

270 1349 340 1392 cum
362 1325 523 1411 aliquibus
546 1328 717 1408 Alamanis,
742 1330 797 1414 qui
820 1331 975 1395 dederunt
997 1330 1134 1414 pretium
1152 1331 1288 1410 videndi,
1311 1331 1416 1396 videre

269 1431 359 1496 illud.
405 1431 446 1495 En
469 1433 538 1497 dico
553 1437 649 1512 certe,
673 1434 756 1518 quod
779 1433 840 1500 hoc
862 1435 980 1499 animal
997 1435 1124 1500 videtur
1145 1435 1223 1500 mihi
1241 1437 1419 1501 mirabilius

269 1537 408 1602 omnium
434 1539 620 1604 animalium
645 1545 889 1616 terrestrorum3
921 1564 993 1605 nam
1022 1541 1159 1606 eiusdem
1183 1541 1331 1606 animalis
1353 1541 1417 1606 for-

269 1665 352 1708 mam
376 1647 408 1706 et
432 1643 670 1726 dispositionem
696 1645 837 1727 corporis
861 1645 913 1708 vix
937 1667 1065 1728 possum
1088 1645 1208 1710 calamo
1231 1646 1417 1710 describere.

268 1747 329 1812 Sex
353 1747 449 1812 etatis
473 1768 628 1812 annorum
653 1755 721 1813 erat
751 1748 807 1814 illo
830 1753 990 1833 tempore,
1026 1755 1057 1814 et
1080 1754 1149 1814 erat
1180 1750 1211 1814 in
1237 1751 1420 1835 quantitate

269 1852 342 1936 equi
366 1854 479 1938 grossi,
502 1855 555 1918 ead
579 1876 641 1919 non
664 1855 709 1920 sic
732 1856 865 1937 longum
888 1876 1020 1938 corpore
1042 1855 1126 1920 sicut
1147 1877 1247 1939 equus
1269 1855 1325 1920 sed
1350 1856 1420 1920 bre·

270 1959 340 2023 vius
363 1965 395 2024 et
417 1959 532 2040 altius,
562 1960 652 2026 valde
676 1961 825 2026 deformis
860 1981 915 2044 per
938 1964 1051 2028 toturn.
1098 1958 1193 2024 Color
1227 1960 1293 2024 eius
1318 1982 1421 2046 neque

268 2064 361 2130 albus
376 2087 479 2151 neque
495 2067 586 2150 niger
610 2067 663 2132 sed
680 2068 813 2151 griseus,
838 2071 874 2132 ut
890 2067 982 2150 niger
998 2087 1114 2150 porcus
1130 2066 1199 2130 eine
1215 2065 1297 2149 pilis.
1348 2064 1421 2132 Non

271 2171 368 2235 habet
392 2170 473 2254 pilos
504 2193 562 2237 nec
584 2173 688 2237 crines
719 2194 777 2238 nec
800 2177 885 2236 setes
907 2172 959 2235 sed
985 2171 1111 2236 videtur
1134 2170 1268 2236 calvum.
1317 2169 1422 2254 Caput

270 2279 358 2340 tenet
380 2275 563 2359 depressum
589 2281 625 2341 ut
646 2298 778 2360 porcus,
802 2278 908 2342 oeulos
931 2297 1044 2360 parvos
1066 2281 1103 2342 ut
1125 2297 1249 2360 porcus.
1295 2275 1421 2340 Nasum

268 2380 400 2461 longum
418 2379 531 2444 babuit
548 2381 626 2444 bene
641 2403 695 2446 sex
712 2381 890 2465 palmarum
907 2419 948 2428 -
964 2403 1106 2464 spannen
1125 2417 1176 2445 -.
1200 2378 1270 2445 Nou
1289 2381 1420 2446 videtur

271 2485 388 2548 babere
413 2485 629 2549 mandibulam
656 2486 804 2564 inferius,
839 2487 884 2551 sic
906 2485 990 2570 tegit
1012 2507 1083 2550 curn
1107 2505 1183 2550 naso
1207 2491 1238 2550 et
1262 2486 1423 2570 superiori

270 2589 461 2654 mandibulo.
500 2587 620 2654 Nasum
637 2591 780 2655 extendit
796 2596 828 2656 et
845 2591 942 2656 vertit
957 2591 1115 2668 hincinde,
1133 2595 1243 2655 curvat
1260 2595 1292 2655 et
1309 2591 1424 2674 erigit:

269 2693 376 2758 omnic
399 2693 477 2758 facit
501 2715 572 2758 oum
596 2716 680 2760 naso.
728 2695 828 2761 Tollit
844 2719 954 2760 nasum
978 2701 1010 2760 et
1025 2696 1131 2780 aperit
1146 2717 1180 2760 os
1204 2698 1236 2760 et
1256 2697 1424 2779 permittit

269 2799 374 2864 sidere
403 2799 513 2864 dentes
543 2821 624 2866 suos.
671 2799 815 2867 Comedit
835 2802 1033 2867 frumentum
1066 2805 1098 2866 ct
1129 2823 1198 2866 cum
1231 2823 1307 2866 naso
1333 2801 1425 2866 tollit

268 2925 370 2989 grana
392 2909 424 2969 et
439 2906 633 2971 recurvando
649 2906 740 2990 ponit
763 2907 824 2972 sibi
848 2909 887 2972 ad
909 2929 960 2985 0⁸3
984 2905 1131 2971 similiter
1148 2905 1283 2970 bibendo
1300 2929 1422 2992 aquam

269 3011 313 3076 sio
336 3011 423 3076 facit.
472 3011 512 3076 Et
535 3013 660 3077 doctum
694 3017 741 3078 cst
771 3013 831 3078 hoc
861 3013 997 3089 animal,
1030 3012 1113 3098 quod
1142 3011 1257 3096 recipit
1282 3013 1424 3078 multam

836 3121 851 3148 1

341 3169 351 3220 1
375 3165 485 3222 Andere
502 3167 595 3238 pilger
614 3168 715 3224 ifihren
736 3169 804 3224 noch
825 3168 880 3225 viel
899 3169 977 3224 mehr
996 3167 1132 3238 reliquien
1151 3185 1195 3223 an.
1321 3167 1341 3220 2
1361 3167 1426 3223 Alle

269 3254 392 3310 anderen
410 3253 625 3325 gleichzeitigen
644 3257 736 3327 pilger
754 3257 906 3321 berichten,
928 3255 992 3311 dass
1012 3255 1061 3310 der
1079 3255 1136 3310 leib
1154 3254 1202 3310 des
1220 3255 1257 3309 hl.
1278 3254 1372 3311 Lucas
1392 3275 1427 3310 zu

271 3341 366 3396 Padus
385 3341 415 3395 in
434 3341 483 3397 der
502 3343 599 3400 hirche
618 3343 666 3400 dar
686 3344 725 3399 hl.
743 3344 857 3399 Justina
876 3343 955 3412 dege,
976 3343 1033 3397 und
1052 3343 1125 3398 viclo
1143 3341 1285 3406 erzthlen,
1305 3341 1376 3398 dass
1395 3362 1427 3398 er

269 3429 321 3483 mit
340 3429 402 3484 dem
430 3429 502 3486 leibe
529 3430 576 3486 des
595 3431 634 3488 hl.
653 3433 743 3502 apost.
762 3431 887 3486 Matbies
906 3448 960 3486 von
989 3429 1080 3486 einem
1098 3429 1139 3484 hl.
1159 3429 1275 3485 Ursinus
1303 3430 1428 3486 dorthin

268 3517 406 3586 gebracht
425 3517 536 3574 worden
554 3519 601 3574 sei.
638 3519 689 3575 Die
707 3519 819 3590 angabe
832 3519 976 3574 Walthers
995 3519 1097 3574 beruht
1116 3519 1184 3574 aber
1202 3519 1354 3585 trotzdem,
1374 3521 1429 3577 wie

269 3604 327 3660 dies
354 3605 438 3660 schon
467 3605 527 3660 ihre
545 3605 751 3662 bestimmtheit
776 3607 832 3662 und
853 3607 1090 3664 ausfiihrlichheit
1110 3607 1239 3673 beneist,
1266 3607 1349 3663 nicht
1377 3609 1433 3665 aui

269 3695 359 3749 einem
375 3694 517 3758 versahen,
537 3695 656 3751 sondern
669 3696 792 3766 grtindet
810 3696 870 3750 sich
890 3696 941 3751 aui
956 3695 1001 3752 die
1017 3695 1171 3760 thatsache,
1190 3695 1255 3752 dces
1273 3695 1320 3752 die
1334 3697 1430 3754 Mino·

269 3781 343 3836 riten
365 3781 408 3837 hai
427 3799 447 3838 s.
467 3781 521 3838 Job
538 3781 569 3836 in
590 3781 714 3852 Venedig
738 3783 792 3838 den
811 3784 911 3838 echtan
935 3783 992 3838 leib
1012 3783 1060 3839 des
1080 3783 1119 3837 hl.
1139 3783 1226 3838 bueus
1243 3801 1277 3838 nu
1296 3783 1431 3842 besitsen

269 3871 469 3940 behanptetcn.
507 3869 560 3924 Ein
578 3870 660 3924 streit
678 3871 813 3926 zwischen
832 3871 918 3927 ibnen
937 3871 995 3926 und
1015 3870 1068 3926 den
1088 3869 1309 3936 Benedictinern,
1330 3872 1431 3929 denen

268 3957 313 4013 die
331 3955 427 4012 kirche
445 3974 465 4013 s.
485 3956 597 4011 Juetina
616 3956 645 4011 in
660 3958 757 4013 Pndua
776 3959 901 4029 gebbrte,
921 3959 1015 4014 wurde
1033 3959 1072 4014 im
1092 3959 1223 4028 austrage
1245 3959 1292 4014 des
1305 3963 1431 4031 papstes

270 4045 334 4099 Pius
351 4045 377 4099 Il
398 4063 462 4101 vom
481 4044 608 4100 cardinal
629 4045 774 4102 Bessarion
799 4063 844 4101 am
864 4049 889 4101 9.
908 4047 970 4104 Dec.
993 4049 1060 4104 1463
1079 4046 1135 4102 und
1154 4063 1228 4100 swar
1247 4063 1280 4100 nu
1299 4050 1432 4116 gunsten

271 4133 320 4186 der
340 4133 491 4188 hiinoriten
509 4133 697 4188 entechieden.
735 4134 918 4190 Ausftlhrlich
938 4136 981 4192 bei
1000 4135 1103 4190 Wadd.
1123 4137 1194 4189 dnn.
1215 4133 1287 4200 lllll,
1306 4133 1363 4190 271
1386 4136 1431 4191 bis

271 4219 331 4274 278.
369 4218 433 4274 Dies
451 4220 490 4274 ist
507 4219 552 4274 die
572 4219 755 4288 confirmatio,
774 4220 819 4276 die
839 4221 969 4278 Walther
992 4221 1149 4278 irrtiimlich
1175 4221 1237 4277 dem
1256 4225 1363 4292 papste
1382 4243 1432 4278 zu·

272 4306 403 4364 schreibt.
440 4297 578 4378 llbrigens
597 4325 673 4362 muas
685 4307 760 4363 dieee
772 4309 976 4380 entecheidung
994 4327 1047 4364 nur
1060 4307 1151 4378 menig
1165 4308 1263 4366 beiisll
1276 4309 1431 4380 gerunden

269 4395 369 4460 huben,
394 4395 431 4450 de
452 4396 507 4450 alle
526 4395 618 4466 pilger
643 4395 692 4451 der
711 4399 994 4468 entgegengeeetzten
1014 4397 1152 4454 tradition
1171 4398 1273 4468 folgen.
