3056 4944
826 321 889 407 1'32

287 518 324 581 ad
343 517 477 582 eundem
493 515 607 594 locum,
624 514 821 581 celebrantes
836 515 944 600 plures
961 517 1072 581 missas
1087 521 1317 604 cantantesque
1332 541 1431 582 uuum

287 622 428 686 officium
450 620 649 685 sollemniter
664 620 686 686 ¹.
732 619 800 686 Isto
819 643 894 686 vero
916 643 1000 685 anno
1023 622 1078 686 sel.
1101 623 1183 686 1482
1205 624 1323 687 iterum
1345 622 1431 686 missi

284 733 359 792 sunt
381 748 495 792 novem
517 727 554 792 de
576 731 685 790 monte
708 725 792 810 Syou
816 730 849 790 et
871 726 932 790 duo
955 727 993 791 de
1010 725 1174 791 Bethleem
1198 728 1237 792 ad
1255 727 1432 811 peragenda

284 831 400 910 officia,
423 832 455 895 in
480 852 615 916 quorum
631 853 763 896 numero
785 852 947 914 egueram
966 853 1047 895 uuus
1061 831 1137 896 licet
1152 833 1311 897 minimus.
1357 830 1432 895 Per-

285 937 389 1002 ventis
412 935 570 1002 fratribus
592 937 631 1001 ad
654 936 775 1016 locum,
807 937 893 1002 ducti
918 939 955 1000 ad
980 937 1137 1022 quandam
1161 935 1272 1002 cellam
1297 935 1430 1000 excisam

284 1041 317 1105 in
341 1047 442 1125 petra,
466 1041 611 1106 devotam
635 1042 722 1121 satis,
746 1042 836 1106 misit
849 1041 995 1124 superior
1011 1063 1119 1106 eorum
1143 1042 1182 1106 cd
1205 1063 1261 1106 nos
1276 1041 1432 1106 suscitans

283 1147 446 1211 subtiliter
468 1147 654 1212 seditionem
680 1146 791 1230 populi
815 1154 927 1211 contra
948 1167 1024 1223 nos,
1048 1147 1124 1230 quia
1145 1147 1215 1231 ipsa
1246 1147 1296 1210 die
1319 1167 1433 1229 magna

284 1251 457 1317 multitudo
472 1250 727 1316 Christianorum
751 1253 790 1316 de
806 1251 916 1317 Grecis
940 1257 972 1316 et
995 1252 1067 1316 aliis
1091 1253 1275 1316 nationibus
1291 1249 1432 1327 confluit,

285 1357 523 1442 insinuansque,
546 1357 573 1422 ei
597 1379 654 1422 nos
678 1357 817 1421 crastina
840 1357 890 1421 die
911 1357 1062 1422 vellemus
1085 1363 1214 1421 cantare
1236 1356 1379 1421 officium
1401 1355 1432 1418 in

283 1461 415 1526 ecclesia
446 1462 529 1527 sicut
560 1462 713 1528 hacteuus
736 1461 937 1542 fecissemus,
971 1463 1038 1546 ipse
1072 1483 1144 1528 cum
1173 1464 1239 1526 suis
1270 1461 1432 1526 monachis

284 1567 381 1630 vellet
416 1567 558 1632 deserere
581 1567 743 1632 ecclesiam
773 1573 806 1632 et
835 1567 959 1632 nullum
984 1567 1125 1632 officium
1161 1567 1289 1651 penitus
1321 1569 1432 1632 facere.

284 1669 351 1736 Nos
373 1693 448 1736 vero
471 1693 509 1735 ex
539 1671 596 1736 illo
618 1673 761 1757 perplexi
785 1695 928 1753 eramus,
959 1694 1032 1738 cum
1054 1673 1162 1738 nullus
1185 1672 1349 1758 laycorum
1373 1670 1430 1737 Oa·

286 1776 423 1842 tholicus
439 1781 532 1856 esset,
548 1778 601 1842 sed
616 1799 725 1843 omues
740 1778 877 1844 aliarum
886 1779 1061 1844 nationum.
1085 1776 1157 1843 Non
1172 1783 1277 1842 tamen
1294 1779 1433 1842 libenter

283 1883 460 1947 dimisimus
482 1886 624 1947 nostram
648 1884 814 1969 antiquam
830 1885 1089 1950 consuetudinem
1114 1885 1239 1961 bonam,
1262 1905 1322 1948 uec
1344 1884 1429 1949 vole·

284 1989 395 2053 bamus
418 1987 493 2051 dare
515 1989 728 2069 occasionem,
759 1994 795 2054 ut
818 1987 955 2074 populus
978 1989 1160 2073 privaretur
1181 1988 1289 2053 officio
1320 1993 1354 2052 et
1377 2009 1432 2070 per

284 2113 478 2177 consequeus
500 2099 647 2177 surgeret
676 2094 709 2158 in
732 2116 800 2160 nos.
846 2095 1001 2158 Adductis
1031 2098 1137 2158 autem
1168 2094 1316 2158 omnibus
1339 2115 1431 2176 para-

284 2199 400 2263 mentis
424 2219 483 2280 pro
504 2198 612 2264 officio
628 2200 735 2264 divino
758 2201 860 2264 altare
882 2222 952 2265 curn
970 2200 1132 2284 requisitis
1147 2200 1327 2282 aptavimus
1351 2197 1431 2262 cele-

285 2303 397 2367 brandi
420 2303 453 2366 in
477 2302 565 2380 cella,
590 2308 622 2367 et
644 2305 811 2368 matutinis
834 2305 970 2387 peractis
986 2308 1216 2388 consequenter
1240 2301 1430 2385 perfecimus

283 2409 316 2472 in
340 2407 421 2473 cella
443 2407 554 2472 missas
576 2427 676 2491 usque
699 2409 867 2488 adunam,
891 2409 946 2493 qui
970 2409 1002 2472 in
1027 2429 1140 2473 aurora
1156 2407 1286 2470 deberet
1301 2410 1429 2471 cantare

281 2512 408 2576 missam
433 2511 467 2575 in
485 2512 624 2577 ecclesia.
669 2511 870 2577 Intrantibus
889 2535 964 2578 vero
986 2514 1078 2578 nobis
1094 2512 1257 2577 ecclesiam
1274 2511 1429 2597 repletam

282 2615 402 2700 populo
424 2617 592 2700 utriusque
614 2637 715 2694 sexus,
738 2617 913 2701 incepimus
929 2617 1052 2702 erigere
1074 2617 1175 2682 altare
1191 2616 1331 2681 volentes
1356 2637 1429 2680 cau·

283 2726 352 2786 tare
373 2721 512 2786 missam.
552 2720 704 2786 Videntes
726 2723 874 2787 monachi
898 2723 1008 2786 etalii
1033 2721 1106 2786 laici
1124 2744 1320 2788 murmurare
1344 2723 1430 2787 ince-

283 2831 400 2911 perunt
416 2831 448 2890 et
463 2827 619 2892 miserunt
635 2828 674 2892 ad
690 2849 748 2892 uos
763 2849 904 2913 paganos
922 2827 1052 2908 Arabes,
1076 2828 1131 2912 qui
1147 2833 1222 2892 sunt
1237 2827 1431 2892 crudeliores

283 2933 416 3010 ceteris,
451 2932 603 2996 dicentes:
640 2931 709 2996 >Ne
731 2934 867 2997 cantetis
890 2933 1033 3012 missam,
1057 2933 1107 2996 vel
1129 2933 1213 2998 male
1238 2933 1430 2997 hababitis«.

282 3038 324 3102 Et
347 3037 432 3103 facta
454 3037 610 3102 discordia
641 3043 673 3102 et
695 3037 848 3102 seditione
872 3039 1061 3102 retraximus
1083 3045 1212 3116 nostra,
1243 3036 1431 3101 festinantes

281 3145 321 3206 ad
352 3146 497 3226 portam,
532 3143 744 3207 desiderantes
775 3143 951 3226 repatriare
985 3143 1023 3207 ad
1057 3147 1197 3207 montem
1219 3141 1313 3227 Syou.
1364 3141 1429 3226 Ipsi

282 3269 407 3333 quoque
423 3253 606 3314 seraverunt
628 3253 756 3332 portam
778 3270 851 3314 cum
866 3247 1004 3312 clamore
1018 3247 1123 3314 valido
1139 3269 1234 3332 super
1257 3270 1329 3324 uos;
1355 3248 1427 3332 qui·

282 3354 354 3418 dam
370 3353 528 3433 volebant,
551 3356 588 3418 ut
603 3353 778 3419 faceremus
801 3353 952 3432 officium,
976 3354 1101 3438 quidam
1120 3375 1194 3418 vero
1210 3353 1430 3436 prohibentes,

281 3479 401 3544 uosque
424 3458 457 3522 in
480 3459 622 3542 periculo
645 3460 729 3525 circa
751 3464 877 3544 portam
901 3459 1048 3522 stetimus
1071 3457 1256 3543 cougregati
1282 3457 1349 3521 fere
1371 3479 1429 3541 per

280 3563 417 3628 mediam
439 3563 561 3644 horam,
584 3571 753 3650 antequam
777 3569 959 3648 poteramus
975 3563 1091 3628 habere
1114 3565 1244 3627 exitum.
1292 3562 1333 3626 Et
1356 3567 1428 3626 tau·

280 3670 351 3734 dem
373 3674 484 3753 aperta
506 3675 599 3753 porta
621 3692 693 3736 cum
716 3670 813 3734 asinis
835 3669 953 3733 nostris
976 3669 1166 3746 exilivimus,
1190 3673 1223 3732 et
1245 3667 1290 3733 sic
1312 3667 1346 3732 in
1370 3689 1426 3732 uo-

280 3775 365 3838 mine
396 3773 515 3838 domini
547 3775 703 3840 evasimus
726 3774 921 3859 periculum
956 3795 1019 3838 nou
1051 3775 1136 3838 euim
1169 3776 1239 3838 erat
1268 3773 1429 3838 sufficiens

281 3901 340 3963 pro
361 3879 509 3944 martirio
531 3879 710 3944 sufferendo
734 3901 828 3944 causa
842 3877 864 3944 ².

352 4019 365 4072 1
387 4006 461 4072 liber
479 4015 554 4071 disse
571 4015 763 4087 regelmhssige
781 3993 928 4070 walll'nhrt
954 4015 1004 4070 der
1029 4015 1133 4071 brtider
1152 4015 1239 4071 findet
1265 4015 1324 4069 sich
1350 4015 1428 4070 soust

281 4105 415 4176 nirgends
432 4104 494 4160 siue
512 4103 631 4174 augabe,
651 4105 728 4158 nieht
747 4105 849 4160 einmal
871 4105 913 4159 bei
934 4103 1119 4168 Quaresmius.
1209 4103 1226 4158 2
1246 4103 1338 4157 Dieses
1357 4101 1428 4169 iute-

279 4195 406 4248 ressante
435 4191 549 4262 beispicl
569 4209 623 4247 von
650 4191 859 4262 leiudseligkeit
879 4191 1088 4247 verschiedeuer
1112 4191 1219 4245 christi.
1238 4189 1426 4247 consessiouen

281 4297 373 4352 gagen
392 4279 526 4336 einander
545 4277 584 4333 ist
602 4277 689 4333 leider
702 4278 782 4333 nicht
799 4279 851 4334 das
863 4279 980 4349 eiunige,
1000 4279 1057 4333 und
1070 4279 1165 4334 ziehen
1185 4277 1242 4333 sich
1262 4277 1336 4334 diese
1348 4275 1427 4332 strei-

281 4367 421 4436 tigheiten
440 4367 491 4422 wie
509 4367 554 4422 ein
574 4367 650 4421 roter
664 4365 748 4420 leden
768 4365 855 4420 durch
875 4365 920 4420 die
933 4383 1029 4435 ganne*
1035 4365 1194 4436 geschichte
1212 4365 1260 4420 dee
1278 4365 1317 4420 hl.
1330 4363 1425 4420 landes

281 4453 379 4512 durch.
415 4453 481 4526 Vgl.
500 4453 579 4510 Tobl.
598 4453 679 4524 Golg.
698 4455 750 4510 430
768 4451 798 4512 ff.
