<?xml version="1.0" encoding="UTF-8"?>
<!DOCTYPE html PUBLIC "-//W3C//DTD XHTML 1.0 Transitional//EN"
    "http://www.w3.org/TR/xhtml1/DTD/xhtml1-transitional.dtd">
<html xmlns="http://www.w3.org/1999/xhtml" xml:lang="en" lang="en">
 <head>
  <title>
</title>
<meta http-equiv="Content-Type" content="text/html;charset=utf-8" />
  <meta name='ocr-system' content='tesseract 3.04.00' />
  <meta name='ocr-capabilities' content='ocr_page ocr_carea ocr_par ocr_line ocrx_word'/>
</head>
<body>
  <div class='ocr_page' id='page_1' title='image "./fratrispauliwal01waltgoog_0051.png"; bbox 0 0 3062 4938; ppageno 0'>
   <div class='ocr_carea' id='block_1_1' title="bbox 821 311 864 382">
    <p class='ocr_par' dir='ltr' id='par_1_1' title="bbox 821 311 864 382">
     <span class='ocr_line' id='line_1_1' title="bbox 821 311 864 382; baseline 0.047 -2"><span class='ocrx_word' id='word_1_1' title='bbox 821 311 864 382; x_wconf 82' lang='grc'><strong>80</strong></span> 
     </span>
    </p>
   </div>
   <div class='ocr_carea' id='block_1_2' title="bbox 268 486 1501 2050">
    <p class='ocr_par' dir='ltr' id='par_1_2' title="bbox 268 486 1419 1294">
     <span class='ocr_line' id='line_1_2' title="bbox 268 486 1414 576; baseline -0.002 -19"><span class='ocrx_word' id='word_1_2' title='bbox 268 486 328 557; x_wconf 87' lang='lat' dir='ltr'><strong>Sed</strong></span> <span class='ocrx_word' id='word_1_3' title='bbox 362 489 405 556; x_wconf 91' lang='lat' dir='ltr'><strong>ihi</strong></span> <span class='ocrx_word' id='word_1_4' title='bbox 439 491 589 558; x_wconf 87' lang='lat' dir='ltr'><strong>habitant</strong></span> <span class='ocrx_word' id='word_1_5' title='bbox 621 490 767 556; x_wconf 73' lang='lat' dir='ltr'>dissoluti</span> <span class='ocrx_word' id='word_1_6' title='bbox 798 489 1024 556; x_wconf 73' lang='lat' dir='ltr'><strong>conventuales</strong></span> <span class='ocrx_word' id='word_1_7' title='bbox 1057 513 1094 557; x_wconf 86' lang='lat' dir='ltr'><strong>ex</strong></span> <span class='ocrx_word' id='word_1_8' title='bbox 1118 489 1250 556; x_wconf 90' lang='lat' dir='ltr'><strong>diversis</strong></span> <span class='ocrx_word' id='word_1_9' title='bbox 1272 489 1414 576; x_wconf 89' lang='lat' dir='ltr'><strong>partibus</strong></span> 
     </span>
     <span class='ocr_line' id='line_1_3' title="bbox 269 594 1414 683; baseline -0.002 -21"><span class='ocrx_word' id='word_1_10' title='bbox 269 599 379 662; x_wconf 89' lang='lat' dir='ltr'><strong>muudi</strong></span> <span class='ocrx_word' id='word_1_11' title='bbox 395 599 598 683; x_wconf 86' lang='lat' dir='ltr'><strong>congregatis</strong></span> <span class='ocrx_word' id='word_1_12' title='bbox 612 596 634 662; x_wconf 91' lang='lat'><strong>¹.</strong></span> <span class='ocrx_word' id='word_1_13' title='bbox 679 594 813 661; x_wconf 90' lang='lat' dir='ltr'><strong>Demum</strong></span> <span class='ocrx_word' id='word_1_14' title='bbox 836 598 870 659; x_wconf 91' lang='lat' dir='ltr'><strong>et</strong></span> <span class='ocrx_word' id='word_1_15' title='bbox 892 594 956 660; x_wconf 89' lang='lat' dir='ltr'><strong>alia</strong></span> <span class='ocrx_word' id='word_1_16' title='bbox 981 595 1050 660; x_wconf 91' lang='lat' dir='ltr'><strong>loca</strong></span> <span class='ocrx_word' id='word_1_17' title='bbox 1064 602 1176 662; x_wconf 91' lang='lat' dir='ltr'><strong>saneta</strong></span> <span class='ocrx_word' id='word_1_18' title='bbox 1190 596 1340 675; x_wconf 87' lang='lat' dir='ltr'><strong>civitatis,</strong></span> <span class='ocrx_word' id='word_1_19' title='bbox 1363 597 1414 661; x_wconf 94' lang='lat' dir='ltr'><strong>ubi</strong></span> 
     </span>
     <span class='ocr_line' id='line_1_4' title="bbox 270 699 1416 790; baseline -0.002 -22"><span class='ocrx_word' id='word_1_20' title='bbox 270 705 474 790; x_wconf 88' lang='lat' dir='ltr'><strong>requiescunt</strong></span> <span class='ocrx_word' id='word_1_21' title='bbox 506 724 640 786; x_wconf 89' lang='lat' dir='ltr'><strong>corpora</strong></span> <span class='ocrx_word' id='word_1_22' title='bbox 673 701 855 785; x_wconf 90' lang='lat' dir='ltr'><strong>aliquorum</strong></span> <span class='ocrx_word' id='word_1_23' title='bbox 892 705 1072 766; x_wconf 88' lang='lat' dir='ltr'><strong>sanctorum</strong></span> <span class='ocrx_word' id='word_1_24' title='bbox 1088 699 1111 766; x_wconf 83' lang='lat'><strong>¹.</strong></span> <span class='ocrx_word' id='word_1_25' title='bbox 1158 701 1199 766; x_wconf 83' lang='lat' dir='ltr'><strong>Et</strong></span> <span class='ocrx_word' id='word_1_26' title='bbox 1222 702 1416 767; x_wconf 88' lang='lat' dir='ltr'><strong>recreatione</strong></span> 
     </span>
     <span class='ocr_line' id='line_1_5' title="bbox 269 805 1415 893; baseline -0.003 -17"><span class='ocrx_word' id='word_1_27' title='bbox 269 815 398 893; x_wconf 87' lang='lat' dir='ltr'><strong>accepta</strong></span> <span class='ocrx_word' id='word_1_28' title='bbox 414 814 479 874; x_wconf 89' lang='lat' dir='ltr'><strong>tam</strong></span> <span class='ocrx_word' id='word_1_29' title='bbox 503 809 690 874; x_wconf 89' lang='lat' dir='ltr'><strong>afratrihus</strong></span> <span class='ocrx_word' id='word_1_30' title='bbox 713 828 808 891; x_wconf 88' lang='lat' dir='ltr'><strong>quam</strong></span> <span class='ocrx_word' id='word_1_31' title='bbox 831 807 872 872; x_wconf 93' lang='lat' dir='ltr'><strong>ab</strong></span> <span class='ocrx_word' id='word_1_32' title='bbox 889 805 1055 872; x_wconf 80' lang='lat' dir='ltr'><strong>Alamanis</strong></span> <span class='ocrx_word' id='word_1_33' title='bbox 1077 808 1115 872; x_wconf 90' lang='lat' dir='ltr'><strong>de</strong></span> <span class='ocrx_word' id='word_1_34' title='bbox 1130 806 1279 892; x_wconf 82' lang='lat' dir='ltr'><strong>Augusta</strong></span> <span class='ocrx_word' id='word_1_35' title='bbox 1301 813 1334 872; x_wconf 86' lang='lat' dir='ltr'><strong>et</strong></span> <span class='ocrx_word' id='word_1_36' title='bbox 1350 805 1415 872; x_wconf 73' lang='lat' dir='ltr'><strong>Nu-</strong></span> 
     </span>
     <span class='ocr_line' id='line_1_6' title="bbox 270 912 1417 999; baseline -0.002 -21"><span class='ocrx_word' id='word_1_37' title='bbox 270 915 453 999; x_wconf 88' lang='lat' dir='ltr'><strong>remberga,</strong></span> <span class='ocrx_word' id='word_1_38' title='bbox 485 915 647 980; x_wconf 85' lang='lat' dir='ltr'><strong>stantibus</strong></span> <span class='ocrx_word' id='word_1_39' title='bbox 670 913 788 978; x_wconf 85' lang='lat' dir='ltr'>ibidem</span> <span class='ocrx_word' id='word_1_40' title='bbox 812 912 845 978; x_wconf 93' lang='lat' dir='ltr'><strong>in</strong></span> <span class='ocrx_word' id='word_1_41' title='bbox 869 912 1093 990; x_wconf 78' lang='lat' dir='ltr'><strong>universitate,</strong></span> <span class='ocrx_word' id='word_1_42' title='bbox 1125 913 1260 996; x_wconf 92' lang='lat' dir='ltr'><strong>quinos</strong></span> <span class='ocrx_word' id='word_1_43' title='bbox 1284 912 1333 977; x_wconf 90' lang='lat' dir='ltr'><strong>bis</strong></span> <span class='ocrx_word' id='word_1_44' title='bbox 1355 912 1417 976; x_wconf 88' lang='lat' dir='ltr'><strong>illis</strong></span> 
     </span>
     <span class='ocr_line' id='line_1_7' title="bbox 269 1017 1418 1102; baseline -0.003 -18"><span class='ocrx_word' id='word_1_45' title='bbox 269 1020 379 1084; x_wconf 90' lang='lat' dir='ltr'><strong>diebus</strong></span> <span class='ocrx_word' id='word_1_46' title='bbox 402 1020 576 1085; x_wconf 78' lang='lat' dir='ltr'><strong>invitavere</strong></span> <span class='ocrx_word' id='word_1_47' title='bbox 601 1019 640 1084; x_wconf 90' lang='lat' dir='ltr'><strong>ad</strong></span> <span class='ocrx_word' id='word_1_48' title='bbox 663 1018 798 1102; x_wconf 90' lang='lat' dir='ltr'><strong>prandia</strong></span> <span class='ocrx_word' id='word_1_49' title='bbox 821 1039 940 1097; x_wconf 89' lang='lat' dir='ltr'><strong>eorum,</strong></span> <span class='ocrx_word' id='word_1_50' title='bbox 964 1017 1101 1082; x_wconf 88' lang='lat' dir='ltr'><strong>secunda</strong></span> <span class='ocrx_word' id='word_1_51' title='bbox 1124 1017 1205 1082; x_wconf 84' lang='lat' dir='ltr'><strong>feria</strong></span> <span class='ocrx_word' id='word_1_52' title='bbox 1226 1039 1335 1098; x_wconf 87' lang='lat' dir='ltr'><strong>mane,</strong></span> <span class='ocrx_word' id='word_1_53' title='bbox 1360 1039 1418 1101; x_wconf 89' lang='lat' dir='ltr'><strong>que</strong></span> 
     </span>
     <span class='ocr_line' id='line_1_8' title="bbox 270 1121 1418 1202; baseline -0.002 -14"><span class='ocrx_word' id='word_1_54' title='bbox 270 1129 339 1188; x_wconf 90' lang='lat' dir='ltr'><strong>erat</strong></span> <span class='ocrx_word' id='word_1_55' title='bbox 363 1125 404 1188; x_wconf 91' lang='lat'><strong>10</strong></span> <span class='ocrx_word' id='word_1_56' title='bbox 427 1126 493 1190; x_wconf 90' lang='lat' dir='ltr'><strong>dies</strong></span> <span class='ocrx_word' id='word_1_57' title='bbox 508 1125 627 1190; x_wconf 82' lang='lat' dir='ltr'><strong>mensis</strong></span> <span class='ocrx_word' id='word_1_58' title='bbox 644 1123 836 1202; x_wconf 90' lang='lat' dir='ltr'><strong>Decembris,</strong></span> <span class='ocrx_word' id='word_1_59' title='bbox 860 1123 1044 1188; x_wconf 76' lang='lat' dir='ltr'><strong>recessimus</strong></span> <span class='ocrx_word' id='word_1_60' title='bbox 1067 1123 1106 1187; x_wconf 90' lang='lat' dir='ltr'><strong>de</strong></span> <span class='ocrx_word' id='word_1_61' title='bbox 1129 1121 1237 1186; x_wconf 88' lang='lat' dir='ltr'><strong>Padua</strong></span> <span class='ocrx_word' id='word_1_62' title='bbox 1260 1124 1292 1186; x_wconf 91' lang='lat' dir='ltr'><strong>in</strong></span> <span class='ocrx_word' id='word_1_63' title='bbox 1311 1123 1418 1200; x_wconf 86' lang='lat' dir='ltr'><strong>barke,</strong></span> 
     </span>
     <span class='ocr_line' id='line_1_9' title="bbox 271 1226 1419 1294; baseline 0 -2"><span class='ocrx_word' id='word_1_64' title='bbox 271 1235 303 1294; x_wconf 90' lang='lat' dir='ltr'><strong>et</strong></span> <span class='ocrx_word' id='word_1_65' title='bbox 315 1250 386 1294; x_wconf 86' lang='lat' dir='ltr'><strong>sero</strong></span> <span class='ocrx_word' id='word_1_66' title='bbox 397 1230 539 1294; x_wconf 87' lang='lat' dir='ltr'><strong>venimus</strong></span> <span class='ocrx_word' id='word_1_67' title='bbox 550 1229 701 1294; x_wconf 84' lang='lat' dir='ltr'><strong>Venetiae</strong></span> <span class='ocrx_word' id='word_1_68' title='bbox 711 1229 750 1294; x_wconf 89' lang='lat' dir='ltr'><strong>ad</strong></span> <span class='ocrx_word' id='word_1_69' title='bbox 760 1232 949 1293; x_wconf 88' lang='lat' dir='ltr'><strong>conventum</strong></span> <span class='ocrx_word' id='word_1_70' title='bbox 960 1228 1061 1292; x_wconf 89' lang='lat' dir='ltr'><strong>sancti</strong></span> <span class='ocrx_word' id='word_1_71' title='bbox 1073 1226 1231 1294; x_wconf 80' lang='lat' dir='ltr'><strong>Francisei</strong></span> <span class='ocrx_word' id='word_1_72' title='bbox 1241 1227 1419 1292; x_wconf 84' lang='lat' dir='ltr'><strong>deAvinea.</strong></span> 
     </span>
    </p>

    <p class='ocr_par' dir='ltr' id='par_1_3' title="bbox 269 1327 1501 2050">
     <span class='ocr_line' id='line_1_10' title="bbox 355 1327 1448 1418; baseline -0.002 -21"><span class='ocrx_word' id='word_1_73' title='bbox 355 1333 557 1400; x_wconf 88' lang='lat' dir='ltr'><strong>Reverendos</strong></span> <span class='ocrx_word' id='word_1_74' title='bbox 583 1337 678 1418; x_wconf 89' lang='lat' dir='ltr'><strong>pater</strong></span> <span class='ocrx_word' id='word_1_75' title='bbox 692 1333 829 1398; x_wconf 87' lang='lat' dir='ltr'><strong>vicarius</strong></span> <span class='ocrx_word' id='word_1_76' title='bbox 845 1333 1007 1416; x_wconf 87' lang='lat' dir='ltr'><strong>provincie</strong></span> <span class='ocrx_word' id='word_1_77' title='bbox 1023 1333 1169 1416; x_wconf 85' lang='lat' dir='ltr'><strong>prevenit</strong></span> <span class='ocrx_word' id='word_1_78' title='bbox 1184 1353 1252 1412; x_wconf 90' lang='lat' dir='ltr'><strong>nos,</strong></span> <span class='ocrx_word' id='word_1_79' title='bbox 1274 1333 1328 1396; x_wconf 91' lang='lat' dir='ltr'><strong>scd</strong></span> <span class='ocrx_word' id='word_1_80' title='bbox 1353 1336 1420 1396; x_wconf 88' lang='lat' dir='ltr'><strong>erat</strong></span> <span class='ocrx_word' id='word_1_81' title='bbox 1446 1327 1448 1334; x_wconf 78' lang='grc'><strong>’</strong></span> 
     </span>
     <span class='ocr_line' id='line_1_11' title="bbox 269 1435 1419 1522; baseline -0.002 -21"><span class='ocrx_word' id='word_1_82' title='bbox 269 1437 475 1504; x_wconf 85' lang='lat' dir='ltr'><strong>inconvento</strong></span> <span class='ocrx_word' id='word_1_83' title='bbox 493 1441 594 1504; x_wconf 88' lang='lat' dir='ltr'><strong>sancti</strong></span> <span class='ocrx_word' id='word_1_84' title='bbox 609 1438 673 1504; x_wconf 82' lang='lat' dir='ltr'><strong>lob</strong></span> <span class='ocrx_word' id='word_1_85' title='bbox 689 1439 826 1503; x_wconf 89' lang='lat' dir='ltr'><strong>eiusdem</strong></span> <span class='ocrx_word' id='word_1_86' title='bbox 843 1438 984 1502; x_wconf 88' lang='lat' dir='ltr'><strong>civitatis</strong></span> <span class='ocrx_word' id='word_1_87' title='bbox 998 1436 1021 1502; x_wconf 82' lang='lat'><strong>⁸.</strong></span> <span class='ocrx_word' id='word_1_88' title='bbox 1066 1435 1179 1502; x_wconf 83' lang='lat' dir='ltr'><strong>Stante</strong></span> <span class='ocrx_word' id='word_1_89' title='bbox 1193 1459 1244 1501; x_wconf 90' lang='lat' dir='ltr'><strong>me</strong></span> <span class='ocrx_word' id='word_1_90' title='bbox 1266 1437 1311 1502; x_wconf 87' lang='lat' dir='ltr'><strong>sic</strong></span> <span class='ocrx_word' id='word_1_91' title='bbox 1328 1437 1419 1522; x_wconf 87' lang='lat' dir='ltr'><strong>quasi</strong></span> 
     </span>
     <span class='ocr_line' id='line_1_12' title="bbox 270 1542 1501 1629; baseline 0.006 -24"><span class='ocrx_word' id='word_1_92' title='bbox 270 1542 301 1606; x_wconf 92' lang='lat' dir='ltr'><strong>in</strong></span> <span class='ocrx_word' id='word_1_93' title='bbox 318 1565 433 1622; x_wconf 88' lang='lat' dir='ltr'><strong>errore,</strong></span> <span class='ocrx_word' id='word_1_94' title='bbox 457 1566 550 1608; x_wconf 90' lang='lat' dir='ltr'><strong>nemo</strong></span> <span class='ocrx_word' id='word_1_95' title='bbox 576 1545 655 1608; x_wconf 90' lang='lat' dir='ltr'><strong>mihi</strong></span> <span class='ocrx_word' id='word_1_96' title='bbox 679 1544 880 1629; x_wconf 85' lang='lat' dir='ltr'><strong>loquebatur.</strong></span> <span class='ocrx_word' id='word_1_97' title='bbox 926 1542 1066 1610; x_wconf 83' lang='lat' dir='ltr'><strong>Tandem</strong></span> <span class='ocrx_word' id='word_1_98' title='bbox 1090 1543 1134 1607; x_wconf 89' lang='lat' dir='ltr'><strong>ivi</strong></span> <span class='ocrx_word' id='word_1_99' title='bbox 1158 1544 1196 1608; x_wconf 90' lang='lat' dir='ltr'><strong>ad</strong></span> <span class='ocrx_word' id='word_1_100' title='bbox 1214 1543 1418 1608; x_wconf 87' lang='lat' dir='ltr'><strong>reverendum</strong></span> <span class='ocrx_word' id='word_1_101' title='bbox 1498 1603 1501 1612; x_wconf 92' lang='lat'>.</span> 
     </span>
     <span class='ocr_line' id='line_1_13' title="bbox 270 1648 1417 1732; baseline -0.002 -20"><span class='ocrx_word' id='word_1_102' title='bbox 270 1653 392 1731; x_wconf 89' lang='lat' dir='ltr'><strong>patrem</strong></span> <span class='ocrx_word' id='word_1_103' title='bbox 418 1649 571 1714; x_wconf 85' lang='lat' dir='ltr'><strong>vicarium</strong></span> <span class='ocrx_word' id='word_1_104' title='bbox 595 1651 634 1715; x_wconf 88' lang='lat' dir='ltr'><strong>ad</strong></span> <span class='ocrx_word' id='word_1_105' title='bbox 657 1655 801 1715; x_wconf 90' lang='lat' dir='ltr'><strong>sanctum</strong></span> <span class='ocrx_word' id='word_1_106' title='bbox 816 1648 890 1729; x_wconf 90' lang='lat' dir='ltr'><strong>Job,</strong></span> <span class='ocrx_word' id='word_1_107' title='bbox 913 1654 946 1714; x_wconf 88' lang='lat' dir='ltr'><strong>et</strong></span> <span class='ocrx_word' id='word_1_108' title='bbox 969 1659 1037 1714; x_wconf 91' lang='lat' dir='ltr'><strong>erat</strong></span> <span class='ocrx_word' id='word_1_109' title='bbox 1059 1670 1117 1714; x_wconf 89' lang='lat' dir='ltr'><strong>sua</strong></span> <span class='ocrx_word' id='word_1_110' title='bbox 1132 1648 1310 1732; x_wconf 89' lang='lat' dir='ltr'><strong>paternitas</strong></span> <span class='ocrx_word' id='word_1_111' title='bbox 1326 1648 1417 1714; x_wconf 91' lang='lat' dir='ltr'><strong>valde</strong></span> 
     </span>
     <span class='ocr_line' id='line_1_14' title="bbox 269 1752 1420 1839; baseline 0.001 -24"><span class='ocrx_word' id='word_1_112' title='bbox 269 1753 395 1817; x_wconf 87' lang='lat' dir='ltr'><strong>infirma</strong></span> <span class='ocrx_word' id='word_1_113' title='bbox 423 1759 455 1818; x_wconf 90' lang='lat' dir='ltr'><strong>et</strong></span> <span class='ocrx_word' id='word_1_114' title='bbox 478 1753 671 1839; x_wconf 87' lang='lat' dir='ltr'><strong>loquebatur</strong></span> <span class='ocrx_word' id='word_1_115' title='bbox 694 1754 771 1819; x_wconf 89' lang='lat' dir='ltr'><strong>mihi</strong></span> <span class='ocrx_word' id='word_1_116' title='bbox 796 1776 852 1837; x_wconf 89' lang='lat' dir='ltr'><strong>per</strong></span> <span class='ocrx_word' id='word_1_117' title='bbox 874 1755 1011 1832; x_wconf 88' lang='lat' dir='ltr'><strong>socium,</strong></span> <span class='ocrx_word' id='word_1_118' title='bbox 1044 1754 1098 1838; x_wconf 91' lang='lat' dir='ltr'><strong>qui</strong></span> <span class='ocrx_word' id='word_1_119' title='bbox 1122 1753 1260 1818; x_wconf 87' lang='lat' dir='ltr'><strong>dicebat:</strong></span> <span class='ocrx_word' id='word_1_120' title='bbox 1299 1752 1420 1816; x_wconf 79' lang='lat' dir='ltr'><strong>›Reve-</strong></span> 
     </span>
     <span class='ocr_line' id='line_1_15' title="bbox 270 1856 1422 1944; baseline -0.002 -24"><span class='ocrx_word' id='word_1_121' title='bbox 270 1859 384 1924; x_wconf 90' lang='lat' dir='ltr'><strong>rendus</strong></span> <span class='ocrx_word' id='word_1_122' title='bbox 407 1865 500 1942; x_wconf 89' lang='lat' dir='ltr'><strong>pater</strong></span> <span class='ocrx_word' id='word_1_123' title='bbox 523 1859 660 1924; x_wconf 89' lang='lat' dir='ltr'><strong>vicarius</strong></span> <span class='ocrx_word' id='word_1_124' title='bbox 682 1859 761 1924; x_wconf 83' lang='lat' dir='ltr'><strong>fecit</strong></span> <span class='ocrx_word' id='word_1_125' title='bbox 776 1879 925 1944; x_wconf 88' lang='lat' dir='ltr'><strong>magnam</strong></span> <span class='ocrx_word' id='word_1_126' title='bbox 943 1858 1142 1942; x_wconf 80' lang='lat' dir='ltr'><strong>diligentiam</strong></span> <span class='ocrx_word' id='word_1_127' title='bbox 1167 1879 1238 1922; x_wconf 86' lang='lat' dir='ltr'><strong>curn</strong></span> <span class='ocrx_word' id='word_1_128' title='bbox 1257 1856 1422 1942; x_wconf 81' lang='lat' dir='ltr'><strong>gordianis</strong></span> 
     </span>
     <span class='ocr_line' id='line_1_16' title="bbox 269 1961 1419 2050; baseline -0.002 -24"><span class='ocrx_word' id='word_1_129' title='bbox 269 1970 333 2026; x_wconf 90' lang='lat' dir='ltr'><strong>tam</strong></span> <span class='ocrx_word' id='word_1_130' title='bbox 350 1963 452 2028; x_wconf 90' lang='lat' dir='ltr'><strong>sancti</strong></span> <span class='ocrx_word' id='word_1_131' title='bbox 471 1962 628 2028; x_wconf 79' lang='lat' dir='ltr'><strong>Francisei</strong></span> <span class='ocrx_word' id='word_1_132' title='bbox 652 1987 749 2050; x_wconf 88' lang='lat' dir='ltr'><strong>quam</strong></span> <span class='ocrx_word' id='word_1_133' title='bbox 765 1964 866 2030; x_wconf 90' lang='lat' dir='ltr'><strong>sancti</strong></span> <span class='ocrx_word' id='word_1_134' title='bbox 889 1963 969 2040; x_wconf 79' lang='lat' dir='ltr'><strong>Job3</strong></span> <span class='ocrx_word' id='word_1_135' title='bbox 993 1967 1025 2028; x_wconf 89' lang='lat' dir='ltr'><strong>et</strong></span> <span class='ocrx_word' id='word_1_136' title='bbox 1040 1963 1133 2028; x_wconf 81' lang='lat' dir='ltr'><strong>anrho</strong></span> <span class='ocrx_word' id='word_1_137' title='bbox 1150 1963 1309 2042; x_wconf 82' lang='lat' dir='ltr'><strong>dixerunt,</strong></span> <span class='ocrx_word' id='word_1_138' title='bbox 1335 1961 1419 2046; x_wconf 90' lang='lat' dir='ltr'><strong>quod</strong></span> 
     </span>
    </p>
   </div>
   <div class='ocr_carea' id='block_1_3' title="bbox 164 2066 1420 2154">
    <p class='ocr_par' dir='ltr' id='par_1_4' title="bbox 164 2066 1420 2154">
     <span class='ocr_line' id='line_1_17' title="bbox 164 2066 1420 2154; baseline -0.002 -22"><span class='ocrx_word' id='word_1_139' title='bbox 164 2083 166 2088; x_wconf 81' lang='grc'>’</span> <span class='ocrx_word' id='word_1_140' title='bbox 269 2073 375 2132; x_wconf 86' lang='lat' dir='ltr'><strong>essent</strong></span> <span class='ocrx_word' id='word_1_141' title='bbox 390 2069 525 2134; x_wconf 89' lang='lat' dir='ltr'><strong>multum</strong></span> <span class='ocrx_word' id='word_1_142' title='bbox 542 2071 666 2154; x_wconf 84' lang='lat' dir='ltr'><strong>gravati</strong></span> <span class='ocrx_word' id='word_1_143' title='bbox 692 2071 732 2134; x_wconf 90' lang='lat' dir='ltr'><strong>ab</strong></span> <span class='ocrx_word' id='word_1_144' title='bbox 755 2069 951 2152; x_wconf 86' lang='lat' dir='ltr'><strong>hospitibus;</strong></span> <span class='ocrx_word' id='word_1_145' title='bbox 977 2073 1010 2132; x_wconf 90' lang='lat' dir='ltr'><strong>et</strong></span> <span class='ocrx_word' id='word_1_146' title='bbox 1033 2089 1087 2132; x_wconf 90' lang='lat' dir='ltr'><strong>vos</strong></span> <span class='ocrx_word' id='word_1_147' title='bbox 1110 2068 1200 2132; x_wconf 87' lang='lat' dir='ltr'><strong>ibitis</strong></span> <span class='ocrx_word' id='word_1_148' title='bbox 1222 2068 1261 2131; x_wconf 90' lang='lat' dir='ltr'><strong>ad</strong></span> <span class='ocrx_word' id='word_1_149' title='bbox 1279 2066 1420 2130; x_wconf 88' lang='lat' dir='ltr'><strong>Paduam</strong></span> 
     </span>
    </p>
   </div>
   <div class='ocr_carea' id='block_1_4' title="bbox 269 2173 1424 2468">
    <p class='ocr_par' dir='ltr' id='par_1_5' title="bbox 269 2173 1424 2468">
     <span class='ocr_line' id='line_1_18' title="bbox 269 2173 1422 2259; baseline -0.003 -22"><span class='ocrx_word' id='word_1_150' title='bbox 269 2178 302 2237; x_wconf 91' lang='lat' dir='ltr'><strong>et</strong></span> <span class='ocrx_word' id='word_1_151' title='bbox 316 2175 444 2238; x_wconf 89' lang='lat' dir='ltr'><strong>stabitis</strong></span> <span class='ocrx_word' id='word_1_152' title='bbox 467 2175 513 2238; x_wconf 93' lang='lat' dir='ltr'><strong>ibi</strong></span> <span class='ocrx_word' id='word_1_153' title='bbox 533 2197 632 2259; x_wconf 89' lang='lat' dir='ltr'><strong>usque</strong></span> <span class='ocrx_word' id='word_1_154' title='bbox 656 2177 695 2239; x_wconf 90' lang='lat' dir='ltr'><strong>ad</strong></span> <span class='ocrx_word' id='word_1_155' title='bbox 712 2174 1020 2259; x_wconf 82' lang='lat' dir='ltr'><strong>Quadragesiman1.‹</strong></span> <span class='ocrx_word' id='word_1_156' title='bbox 1072 2173 1190 2238; x_wconf 82' lang='lat' dir='ltr'><strong>Audito</strong></span> <span class='ocrx_word' id='word_1_157' title='bbox 1213 2173 1273 2238; x_wconf 89' lang='lat' dir='ltr'><strong>hoc</strong></span> <span class='ocrx_word' id='word_1_158' title='bbox 1288 2173 1422 2238; x_wconf 89' lang='lat' dir='ltr'><strong>verbum</strong></span> 
     </span>
     <span class='ocr_line' id='line_1_19' title="bbox 269 2276 1422 2363; baseline -0.002 -23"><span class='ocrx_word' id='word_1_159' title='bbox 269 2278 373 2341; x_wconf 88' lang='lat' dir='ltr'><strong>tristis</strong></span> <span class='ocrx_word' id='word_1_160' title='bbox 398 2278 522 2357; x_wconf 89' lang='lat' dir='ltr'><strong>recessi,</strong></span> <span class='ocrx_word' id='word_1_161' title='bbox 554 2284 586 2341; x_wconf 91' lang='lat' dir='ltr'><strong>et</strong></span> <span class='ocrx_word' id='word_1_162' title='bbox 608 2278 757 2343; x_wconf 83' lang='lat' dir='ltr'><strong>festinavi</strong></span> <span class='ocrx_word' id='word_1_163' title='bbox 782 2279 821 2343; x_wconf 92' lang='lat' dir='ltr'><strong>ad</strong></span> <span class='ocrx_word' id='word_1_164' title='bbox 849 2279 974 2363; x_wconf 91' lang='lat' dir='ltr'><strong>aliquos</strong></span> <span class='ocrx_word' id='word_1_165' title='bbox 996 2284 1187 2344; x_wconf 86' lang='lat' dir='ltr'><strong>mercatores</strong></span> <span class='ocrx_word' id='word_1_166' title='bbox 1210 2276 1422 2342; x_wconf 83' lang='lat' dir='ltr'><strong>notabiliores</strong></span> 
     </span>
     <span class='ocr_line' id='line_1_20' title="bbox 270 2381 1424 2468; baseline 0.001 -23"><span class='ocrx_word' id='word_1_167' title='bbox 270 2382 459 2462; x_wconf 82' lang='lat' dir='ltr'><strong>Alamanos,</strong></span> <span class='ocrx_word' id='word_1_168' title='bbox 491 2403 672 2466; x_wconf 89' lang='lat' dir='ltr'><strong>proponens</strong></span> <span class='ocrx_word' id='word_1_169' title='bbox 696 2383 753 2462; x_wconf 89' lang='lat' dir='ltr'><strong>eis,</strong></span> <span class='ocrx_word' id='word_1_170' title='bbox 777 2383 934 2467; x_wconf 88' lang='lat' dir='ltr'><strong>quomodo</strong></span> <span class='ocrx_word' id='word_1_171' title='bbox 956 2387 1064 2466; x_wconf 88' lang='lat' dir='ltr'><strong>patres</strong></span> <span class='ocrx_word' id='word_1_172' title='bbox 1088 2383 1233 2468; x_wconf 77' lang='lat' dir='ltr'><strong>gaudiani</strong></span> <span class='ocrx_word' id='word_1_173' title='bbox 1257 2381 1424 2458; x_wconf 83' lang='lat' dir='ltr'><strong>dixissent,</strong></span> 
     </span>
    </p>
   </div>
   <div class='ocr_carea' id='block_1_5' title="bbox 268 2485 1426 3096">
    <p class='ocr_par' dir='ltr' id='par_1_6' title="bbox 268 2485 1426 3096">
     <span class='ocr_line' id='line_1_21' title="bbox 269 2485 1423 2571; baseline 0.001 -22"><span class='ocrx_word' id='word_1_174' title='bbox 269 2486 353 2569; x_wconf 89' lang='lat' dir='ltr'><strong>quod</strong></span> <span class='ocrx_word' id='word_1_175' title='bbox 377 2509 439 2550; x_wconf 93' lang='lat' dir='ltr'><strong>non</strong></span> <span class='ocrx_word' id='word_1_176' title='bbox 464 2492 593 2570; x_wconf 81' lang='lat' dir='ltr'><strong>possent</strong></span> <span class='ocrx_word' id='word_1_177' title='bbox 626 2509 684 2552; x_wconf 90' lang='lat' dir='ltr'><strong>nos</strong></span> <span class='ocrx_word' id='word_1_178' title='bbox 709 2493 826 2553; x_wconf 89' lang='lat' dir='ltr'><strong>tenere.</strong></span> <span class='ocrx_word' id='word_1_179' title='bbox 873 2485 991 2552; x_wconf 83' lang='lat' dir='ltr'><strong>Statim</strong></span> <span class='ocrx_word' id='word_1_180' title='bbox 1013 2488 1135 2570; x_wconf 89' lang='lat' dir='ltr'><strong>parati,</strong></span> <span class='ocrx_word' id='word_1_181' title='bbox 1170 2487 1361 2571; x_wconf 85' lang='lat' dir='ltr'><strong>navigantes</strong></span> <span class='ocrx_word' id='word_1_182' title='bbox 1384 2487 1423 2550; x_wconf 87' lang='lat' dir='ltr'><strong>ad</strong></span> 
     </span>
     <span class='ocr_line' id='line_1_22' title="bbox 268 2591 1424 2676; baseline 0 -22"><span class='ocrx_word' id='word_1_183' title='bbox 268 2597 411 2655; x_wconf 89' lang='lat' dir='ltr'><strong>sanctum</strong></span> <span class='ocrx_word' id='word_1_184' title='bbox 435 2591 516 2672; x_wconf 82' lang='lat' dir='ltr'><strong>lob,</strong></span> <span class='ocrx_word' id='word_1_185' title='bbox 548 2593 733 2658; x_wconf 85' lang='lat' dir='ltr'><strong>accedentes</strong></span> <span class='ocrx_word' id='word_1_186' title='bbox 756 2593 795 2657; x_wconf 89' lang='lat' dir='ltr'><strong>ad</strong></span> <span class='ocrx_word' id='word_1_187' title='bbox 819 2592 1024 2657; x_wconf 89' lang='lat' dir='ltr'><strong>reverendum</strong></span> <span class='ocrx_word' id='word_1_188' title='bbox 1051 2591 1203 2656; x_wconf 89' lang='lat' dir='ltr'><strong>vicarium</strong></span> <span class='ocrx_word' id='word_1_189' title='bbox 1227 2597 1424 2676; x_wconf 89' lang='lat' dir='ltr'><strong>rogaverunt</strong></span> 
     </span>
     <span class='ocr_line' id='line_1_23' title="bbox 269 2697 1424 2781; baseline 0 -21"><span class='ocrx_word' id='word_1_190' title='bbox 269 2697 407 2760; x_wconf 86' lang='lat' dir='ltr'><strong>fideliter</strong></span> <span class='ocrx_word' id='word_1_191' title='bbox 430 2717 489 2779; x_wconf 90' lang='lat' dir='ltr'><strong>pro</strong></span> <span class='ocrx_word' id='word_1_192' title='bbox 512 2697 614 2762; x_wconf 91' lang='lat' dir='ltr'><strong>nobis.</strong></span> <span class='ocrx_word' id='word_1_193' title='bbox 662 2697 862 2764; x_wconf 81' lang='lat' dir='ltr'><strong>Reverendus</strong></span> <span class='ocrx_word' id='word_1_194' title='bbox 885 2720 959 2762; x_wconf 90' lang='lat' dir='ltr'><strong>vero</strong></span> <span class='ocrx_word' id='word_1_195' title='bbox 982 2703 1073 2781; x_wconf 90' lang='lat' dir='ltr'><strong>pater</strong></span> <span class='ocrx_word' id='word_1_196' title='bbox 1095 2697 1283 2762; x_wconf 90' lang='lat' dir='ltr'><strong>informavit</strong></span> <span class='ocrx_word' id='word_1_197' title='bbox 1305 2719 1360 2761; x_wconf 88' lang='lat' dir='ltr'><strong>eos</strong></span> <span class='ocrx_word' id='word_1_198' title='bbox 1384 2698 1424 2761; x_wconf 93' lang='lat' dir='ltr'><strong>de</strong></span> 
     </span>
     <span class='ocr_line' id='line_1_24' title="bbox 270 2801 1426 2888; baseline 0.002 -24"><span class='ocrx_word' id='word_1_199' title='bbox 270 2802 528 2885; x_wconf 89' lang='lat' dir='ltr'><strong>impossibilitate</strong></span> <span class='ocrx_word' id='word_1_200' title='bbox 550 2804 655 2867; x_wconf 88' lang='lat' dir='ltr'><strong>standi</strong></span> <span class='ocrx_word' id='word_1_201' title='bbox 688 2826 746 2888; x_wconf 90' lang='lat' dir='ltr'><strong>pro</strong></span> <span class='ocrx_word' id='word_1_202' title='bbox 770 2805 862 2868; x_wconf 90' lang='lat' dir='ltr'><strong>modo</strong></span> <span class='ocrx_word' id='word_1_203' title='bbox 891 2804 924 2870; x_wconf 89' lang='lat' dir='ltr'><strong>in</strong></span> <span class='ocrx_word' id='word_1_204' title='bbox 950 2802 1103 2868; x_wconf 89' lang='lat' dir='ltr'><strong>Venetiis.</strong></span> <span class='ocrx_word' id='word_1_205' title='bbox 1149 2801 1209 2867; x_wconf 84' lang='lat' dir='ltr'><strong>Sed</strong></span> <span class='ocrx_word' id='word_1_206' title='bbox 1232 2803 1301 2885; x_wconf 88' lang='lat' dir='ltr'><strong>ipse</strong></span> <span class='ocrx_word' id='word_1_207' title='bbox 1323 2802 1426 2868; x_wconf 91' lang='lat' dir='ltr'><strong>vellet</strong></span> 
     </span>
     <span class='ocr_line' id='line_1_25' title="bbox 270 2905 1422 2993; baseline 0.001 -23"><span class='ocrx_word' id='word_1_208' title='bbox 270 2907 360 2971; x_wconf 91' lang='lat' dir='ltr'><strong>nobis</strong></span> <span class='ocrx_word' id='word_1_209' title='bbox 384 2907 497 2972; x_wconf 91' lang='lat' dir='ltr'><strong>bonam</strong></span> <span class='ocrx_word' id='word_1_210' title='bbox 522 2908 673 2988; x_wconf 80' lang='lat' dir='ltr'><strong>litteram,</strong></span> <span class='ocrx_word' id='word_1_211' title='bbox 698 2931 761 2993; x_wconf 87' lang='lat' dir='ltr'><strong>qua</strong></span> <span class='ocrx_word' id='word_1_212' title='bbox 785 2908 942 2972; x_wconf 87' lang='lat' dir='ltr'><strong>mediante</strong></span> <span class='ocrx_word' id='word_1_213' title='bbox 965 2928 1126 2992; x_wconf 89' lang='lat' dir='ltr'><strong>possemus</strong></span> <span class='ocrx_word' id='word_1_214' title='bbox 1149 2907 1197 2971; x_wconf 91' lang='lat' dir='ltr'><strong>ire</strong></span> <span class='ocrx_word' id='word_1_215' title='bbox 1218 2907 1258 2972; x_wconf 88' lang='lat' dir='ltr'><strong>ad</strong></span> <span class='ocrx_word' id='word_1_216' title='bbox 1277 2905 1422 2972; x_wconf 86' lang='lat' dir='ltr'><strong>Paduam</strong></span> 
     </span>
     <span class='ocr_line' id='line_1_26' title="bbox 271 3011 1425 3096; baseline -0.002 -20"><span class='ocrx_word' id='word_1_217' title='bbox 271 3017 303 3076; x_wconf 92' lang='lat' dir='ltr'><strong>et</strong></span> <span class='ocrx_word' id='word_1_218' title='bbox 327 3013 470 3076; x_wconf 88' lang='lat' dir='ltr'><strong>revenire</strong></span> <span class='ocrx_word' id='word_1_219' title='bbox 502 3013 587 3077; x_wconf 87' lang='lat' dir='ltr'><strong>eirca</strong></span> <span class='ocrx_word' id='word_1_220' title='bbox 608 3015 713 3078; x_wconf 90' lang='lat' dir='ltr'><strong>carnis</strong></span> <span class='ocrx_word' id='word_1_221' title='bbox 735 3013 879 3078; x_wconf 91' lang='lat' dir='ltr'><strong>brevium</strong></span> <span class='ocrx_word' id='word_1_222' title='bbox 898 3012 921 3076; x_wconf 87' lang='lat'><strong>⁴.</strong></span> <span class='ocrx_word' id='word_1_223' title='bbox 968 3013 1008 3075; x_wconf 85' lang='lat' dir='ltr'><strong>Et</strong></span> <span class='ocrx_word' id='word_1_224' title='bbox 1039 3013 1085 3076; x_wconf 89' lang='lat' dir='ltr'><strong>sie</strong></span> <span class='ocrx_word' id='word_1_225' title='bbox 1107 3016 1308 3096; x_wconf 87' lang='lat' dir='ltr'><strong>reportantes</strong></span> <span class='ocrx_word' id='word_1_226' title='bbox 1341 3011 1425 3075; x_wconf 90' lang='lat' dir='ltr'><strong>mihi</strong></span> 
     </span>
    </p>
   </div>
   <div class='ocr_carea' id='block_1_6' title="bbox 839 3167 854 3197">
    <p class='ocr_par' dir='ltr' id='par_1_7' title="bbox 839 3167 854 3197">
     <span class='ocr_line' id='line_1_27' title="bbox 839 3167 854 3197; baseline 0 0"><span class='ocrx_word' id='word_1_227' title='bbox 839 3167 854 3197; x_wconf 69' lang='grc' dir='ltr'>Ι</span> 
     </span>
    </p>
   </div>
   <div class='ocr_carea' id='block_1_7' title="bbox 269 3254 1427 4462">
    <p class='ocr_par' dir='ltr' id='par_1_8' title="bbox 269 3254 1426 3571">
     <span class='ocr_line' id='line_1_28' title="bbox 269 3254 1426 3326; baseline 0 -18"><span class='ocrx_word' id='word_1_228' title='bbox 269 3255 356 3308; x_wconf 88' lang='lat' dir='ltr'><strong>durch</strong></span> <span class='ocrx_word' id='word_1_229' title='bbox 375 3255 451 3310; x_wconf 86' lang='lat' dir='ltr'><strong>seiae</strong></span> <span class='ocrx_word' id='word_1_230' title='bbox 468 3254 673 3325; x_wconf 81' lang='lat' dir='ltr'><strong>schwerlttllige</strong></span> <span class='ocrx_word' id='word_1_231' title='bbox 694 3255 801 3326; x_wconf 73' lang='lat' dir='ltr'><strong>decade</strong></span> <span class='ocrx_word' id='word_1_232' title='bbox 819 3255 876 3309; x_wconf 88' lang='lat' dir='ltr'><strong>und</strong></span> <span class='ocrx_word' id='word_1_233' title='bbox 899 3255 944 3310; x_wconf 89' lang='lat' dir='ltr'><strong>die</strong></span> <span class='ocrx_word' id='word_1_234' title='bbox 962 3255 1090 3309; x_wconf 80' lang='lat' dir='ltr'><strong>hisarren</strong></span> <span class='ocrx_word' id='word_1_235' title='bbox 1111 3254 1231 3310; x_wconf 74' lang='lat' dir='ltr'><strong>Formeu</strong></span> <span class='ocrx_word' id='word_1_236' title='bbox 1249 3254 1299 3309; x_wconf 89' lang='lat' dir='ltr'><strong>der</strong></span> <span class='ocrx_word' id='word_1_237' title='bbox 1317 3271 1426 3308; x_wconf 86' lang='lat' dir='ltr'><strong>unver-</strong></span> 
     </span>
     <span class='ocr_line' id='line_1_29' title="bbox 269 3341 1424 3412; baseline -0.001 -17"><span class='ocrx_word' id='word_1_238' title='bbox 269 3342 385 3412; x_wconf 74' lang='lat' dir='ltr'><strong>standig</strong></span> <span class='ocrx_word' id='word_1_239' title='bbox 412 3343 564 3411; x_wconf 78' lang='lat' dir='ltr'><strong>gehtulten</strong></span> <span class='ocrx_word' id='word_1_240' title='bbox 593 3343 722 3412; x_wconf 82' lang='lat' dir='ltr'><strong>Kuppeln</strong></span> <span class='ocrx_word' id='word_1_241' title='bbox 752 3342 808 3396; x_wconf 90' lang='lat' dir='ltr'><strong>und</strong></span> <span class='ocrx_word' id='word_1_242' title='bbox 836 3343 958 3396; x_wconf 77' lang='lat' dir='ltr'><strong>&#39;l&#39;hurme</strong></span> <span class='ocrx_word' id='word_1_243' title='bbox 986 3341 1122 3410; x_wconf 81' lang='lat' dir='ltr'><strong>gersdeau</strong></span> <span class='ocrx_word' id='word_1_244' title='bbox 1152 3341 1300 3397; x_wconf 71' lang='lat' dir='ltr'><strong>beaulieu«</strong></span> <span class='ocrx_word' id='word_1_245' title='bbox 1340 3341 1424 3396; x_wconf 86' lang='lat' dir='ltr'><strong>Nach</strong></span> 
     </span>
     <span class='ocr_line' id='line_1_30' title="bbox 270 3428 1426 3498; baseline -0.001 -15"><span class='ocrx_word' id='word_1_246' title='bbox 270 3429 423 3484; x_wconf 71' lang='lat' dir='ltr'><strong>eccll-sels</strong></span> <span class='ocrx_word' id='word_1_247' title='bbox 443 3431 531 3484; x_wconf 88' lang='lat' dir='ltr'><strong>neunt</strong></span> <span class='ocrx_word' id='word_1_248' title='bbox 550 3431 650 3486; x_wconf 87' lang='lat' dir='ltr'><strong>Vasari</strong></span> <span class='ocrx_word' id='word_1_249' title='bbox 670 3430 723 3484; x_wconf 88' lang='lat' dir='ltr'><strong>den</strong></span> <span class='ocrx_word' id='word_1_250' title='bbox 743 3429 842 3485; x_wconf 85' lang='lat' dir='ltr'><strong>Nicolo</strong></span> <span class='ocrx_word' id='word_1_251' title='bbox 861 3429 961 3484; x_wconf 86' lang='lat' dir='ltr'><strong>Pisano</strong></span> <span class='ocrx_word' id='word_1_252' title='bbox 979 3428 1052 3484; x_wconf 89' lang='lat' dir='ltr'><strong>ohne</strong></span> <span class='ocrx_word' id='word_1_253' title='bbox 1069 3429 1145 3484; x_wconf 90' lang='lat' dir='ltr'><strong>allen</strong></span> <span class='ocrx_word' id='word_1_254' title='bbox 1165 3429 1259 3498; x_wconf 80' lang='lat' dir='ltr'><strong>grand</strong></span> <span class='ocrx_word' id='word_1_255' title='bbox 1277 3428 1332 3484; x_wconf 90' lang='lat' dir='ltr'><strong>den</strong></span> <span class='ocrx_word' id='word_1_256' title='bbox 1353 3429 1426 3483; x_wconf 77' lang='lat' dir='ltr'><strong>hau-</strong></span> 
     </span>
     <span class='ocr_line' id='line_1_31' title="bbox 271 3515 614 3571; baseline 0 -1"><span class='ocrx_word' id='word_1_257' title='bbox 271 3515 385 3571; x_wconf 88' lang='lat' dir='ltr'><strong>meister</strong></span> <span class='ocrx_word' id='word_1_258' title='bbox 403 3517 493 3571; x_wconf 87' lang='lat' dir='ltr'><strong>dieser</strong></span> <span class='ocrx_word' id='word_1_259' title='bbox 512 3517 614 3571; x_wconf 86' lang='lat' dir='ltr'><strong>kirche.</strong></span> 
     </span>
    </p>

    <p class='ocr_par' dir='ltr' id='par_1_9' title="bbox 270 3602 1427 4462">
     <span class='ocr_line' id='line_1_32' title="bbox 345 3602 1427 3674; baseline 0 -16"><span class='ocrx_word' id='word_1_260' title='bbox 345 3607 358 3658; x_wconf 93' lang='lat' dir='ltr'><strong>l</strong></span> <span class='ocrx_word' id='word_1_261' title='bbox 378 3605 552 3672; x_wconf 87' lang='lat' dir='ltr'><strong>cougregati.</strong></span> <span class='ocrx_word' id='word_1_262' title='bbox 622 3605 639 3658; x_wconf 82' lang='lat'>2</span> <span class='ocrx_word' id='word_1_263' title='bbox 660 3603 701 3657; x_wconf 87' lang='lat' dir='ltr'><strong>Da</strong></span> <span class='ocrx_word' id='word_1_264' title='bbox 720 3603 765 3658; x_wconf 92' lang='lat' dir='ltr'><strong>die</strong></span> <span class='ocrx_word' id='word_1_265' title='bbox 783 3605 875 3674; x_wconf 88' lang='lat' dir='ltr'><strong>pilger</strong></span> <span class='ocrx_word' id='word_1_266' title='bbox 893 3603 950 3659; x_wconf 85' lang='lat' dir='ltr'><strong>last</strong></span> <span class='ocrx_word' id='word_1_267' title='bbox 962 3602 1138 3674; x_wconf 75' lang='lat' dir='ltr'><strong>regelmtdig</strong></span> <span class='ocrx_word' id='word_1_268' title='bbox 1157 3621 1211 3659; x_wconf 89' lang='lat' dir='ltr'><strong>von</strong></span> <span class='ocrx_word' id='word_1_269' title='bbox 1224 3603 1353 3672; x_wconf 86' lang='lat' dir='ltr'><strong>Venedig</strong></span> <span class='ocrx_word' id='word_1_270' title='bbox 1373 3621 1427 3658; x_wconf 84' lang='lat' dir='ltr'><strong>aus</strong></span> 
     </span>
     <span class='ocr_line' id='line_1_33' title="bbox 271 3689 1425 3760; baseline 0.002 -16"><span class='ocrx_word' id='word_1_271' title='bbox 271 3689 368 3744; x_wconf 81' lang='lat' dir='ltr'><strong>Padus</strong></span> <span class='ocrx_word' id='word_1_272' title='bbox 378 3689 538 3756; x_wconf 87' lang='lat' dir='ltr'><strong>besuehten,</strong></span> <span class='ocrx_word' id='word_1_273' title='bbox 551 3691 639 3746; x_wconf 89' lang='lat' dir='ltr'><strong>findet</strong></span> <span class='ocrx_word' id='word_1_274' title='bbox 651 3691 709 3746; x_wconf 89' lang='lat' dir='ltr'><strong>sich</strong></span> <span class='ocrx_word' id='word_1_275' title='bbox 725 3691 769 3746; x_wconf 91' lang='lat' dir='ltr'><strong>ein</strong></span> <span class='ocrx_word' id='word_1_276' title='bbox 781 3691 949 3754; x_wconf 84' lang='lat' dir='ltr'><strong>veraeichuis</strong></span> <span class='ocrx_word' id='word_1_277' title='bbox 958 3692 1049 3746; x_wconf 89' lang='lat' dir='ltr'><strong>dieser</strong></span> <span class='ocrx_word' id='word_1_278' title='bbox 1058 3691 1195 3760; x_wconf 89' lang='lat' dir='ltr'><strong>reliquien</strong></span> <span class='ocrx_word' id='word_1_279' title='bbox 1208 3691 1237 3746; x_wconf 92' lang='lat' dir='ltr'><strong>iu</strong></span> <span class='ocrx_word' id='word_1_280' title='bbox 1251 3691 1316 3747; x_wconf 86' lang='lat' dir='ltr'><strong>sehr</strong></span> <span class='ocrx_word' id='word_1_281' title='bbox 1328 3692 1425 3746; x_wconf 88' lang='lat' dir='ltr'><strong>vielen</strong></span> 
     </span>
     <span class='ocr_line' id='line_1_34' title="bbox 270 3777 1427 3848; baseline 0.002 -16"><span class='ocrx_word' id='word_1_282' title='bbox 270 3777 503 3848; x_wconf 86' lang='lat' dir='ltr'><strong>pilgerschriften.</strong></span> <span class='ocrx_word' id='word_1_283' title='bbox 540 3779 636 3834; x_wconf 85' lang='lat' dir='ltr'><strong>Rieter</strong></span> <span class='ocrx_word' id='word_1_284' title='bbox 654 3781 688 3835; x_wconf 82' lang='lat'><strong>39</strong></span> <span class='ocrx_word' id='word_1_285' title='bbox 708 3779 787 3834; x_wconf 82' lang='lat' dir='ltr'><strong>fuhrt</strong></span> <span class='ocrx_word' id='word_1_286' title='bbox 805 3797 856 3834; x_wconf 84' lang='lat' dir='ltr'><strong>an:</strong></span> <span class='ocrx_word' id='word_1_287' title='bbox 882 3779 926 3834; x_wconf 91' lang='lat' dir='ltr'><strong>die</strong></span> <span class='ocrx_word' id='word_1_288' title='bbox 946 3779 1032 3834; x_wconf 90' lang='lat' dir='ltr'><strong>leiber</strong></span> <span class='ocrx_word' id='word_1_289' title='bbox 1056 3778 1105 3833; x_wconf 89' lang='lat' dir='ltr'><strong>der</strong></span> <span class='ocrx_word' id='word_1_290' title='bbox 1125 3779 1248 3848; x_wconf 80' lang='lat' dir='ltr'><strong>heiligen</strong></span> <span class='ocrx_word' id='word_1_291' title='bbox 1270 3780 1427 3842; x_wconf 80' lang='lat' dir='ltr'><strong>Antonius,</strong></span> 
     </span>
     <span class='ocr_line' id='line_1_35' title="bbox 270 3866 1427 3936; baseline 0.002 -16"><span class='ocrx_word' id='word_1_292' title='bbox 270 3866 378 3936; x_wconf 88' lang='lat' dir='ltr'><strong>apostel</strong></span> <span class='ocrx_word' id='word_1_293' title='bbox 399 3866 527 3928; x_wconf 83' lang='lat' dir='ltr'><strong>Mathias,</strong></span> <span class='ocrx_word' id='word_1_294' title='bbox 548 3867 708 3936; x_wconf 82' lang='lat' dir='ltr'><strong>evangelist</strong></span> <span class='ocrx_word' id='word_1_295' title='bbox 728 3867 822 3930; x_wconf 88' lang='lat' dir='ltr'><strong>Lucas,</strong></span> <span class='ocrx_word' id='word_1_296' title='bbox 842 3867 968 3931; x_wconf 88' lang='lat' dir='ltr'><strong>Justina,</strong></span> <span class='ocrx_word' id='word_1_297' title='bbox 989 3866 1184 3930; x_wconf 86' lang='lat' dir='ltr'><strong>Prosodacius,</strong></span> <span class='ocrx_word' id='word_1_298' title='bbox 1204 3867 1352 3934; x_wconf 82' lang='lat' dir='ltr'><strong>Maximus,</strong></span> <span class='ocrx_word' id='word_1_299' title='bbox 1373 3866 1427 3922; x_wconf 82' lang='lat' dir='ltr'><strong>Fe-</strong></span> 
     </span>
     <span class='ocr_line' id='line_1_36' title="bbox 270 3953 1426 4021; baseline 0.003 -14"><span class='ocrx_word' id='word_1_300' title='bbox 270 3953 372 4019; x_wconf 87' lang='lat' dir='ltr'><strong>licitae,</strong></span> <span class='ocrx_word' id='word_1_301' title='bbox 393 3954 509 4021; x_wconf 88' lang='lat' dir='ltr'><strong>Urinus,</strong></span> <span class='ocrx_word' id='word_1_302' title='bbox 533 3955 582 4009; x_wconf 89' lang='lat' dir='ltr'><strong>der</strong></span> <span class='ocrx_word' id='word_1_303' title='bbox 601 3954 646 4009; x_wconf 91' lang='lat' dir='ltr'><strong>die</strong></span> <span class='ocrx_word' id='word_1_304' title='bbox 664 3956 752 4010; x_wconf 86' lang='lat' dir='ltr'><strong>leiber</strong></span> <span class='ocrx_word' id='word_1_305' title='bbox 771 3955 821 4009; x_wconf 92' lang='lat' dir='ltr'><strong>der</strong></span> <span class='ocrx_word' id='word_1_306' title='bbox 841 3955 880 4010; x_wconf 92' lang='lat' dir='ltr'><strong>hl.</strong></span> <span class='ocrx_word' id='word_1_307' title='bbox 901 3954 1025 4008; x_wconf 83' lang='lat' dir='ltr'><strong>Mathias</strong></span> <span class='ocrx_word' id='word_1_308' title='bbox 1044 3954 1100 4009; x_wconf 87' lang='lat' dir='ltr'><strong>und</strong></span> <span class='ocrx_word' id='word_1_309' title='bbox 1120 3955 1207 4008; x_wconf 84' lang='lat' dir='ltr'><strong>Lucas</strong></span> <span class='ocrx_word' id='word_1_310' title='bbox 1227 3955 1301 4010; x_wconf 85' lang='lat' dir='ltr'><strong>nach</strong></span> <span class='ocrx_word' id='word_1_311' title='bbox 1321 3955 1426 4010; x_wconf 86' lang='lat' dir='ltr'><strong>Padus.</strong></span> 
     </span>
     <span class='ocr_line' id='line_1_37' title="bbox 270 4041 1424 4111; baseline 0.002 -15"><span class='ocrx_word' id='word_1_312' title='bbox 270 4042 419 4110; x_wconf 82' lang='lat' dir='ltr'><strong>gebracht,</strong></span> <span class='ocrx_word' id='word_1_313' title='bbox 439 4041 563 4096; x_wconf 88' lang='lat' dir='ltr'><strong>mehrere</strong></span> <span class='ocrx_word' id='word_1_314' title='bbox 583 4042 766 4111; x_wconf 85' lang='lat' dir='ltr'><strong>anschuldige</strong></span> <span class='ocrx_word' id='word_1_315' title='bbox 786 4043 884 4097; x_wconf 87' lang='lat' dir='ltr'><strong>kiuder</strong></span> <span class='ocrx_word' id='word_1_316' title='bbox 905 4045 962 4096; x_wconf 88' lang='lat' dir='ltr'><strong>und</strong></span> <span class='ocrx_word' id='word_1_317' title='bbox 980 4043 1026 4097; x_wconf 89' lang='lat' dir='ltr'><strong>ein</strong></span> <span class='ocrx_word' id='word_1_318' title='bbox 1046 4041 1214 4097; x_wconf 86' lang='lat' dir='ltr'><strong>Marieubild</strong></span> <span class='ocrx_word' id='word_1_319' title='bbox 1246 4059 1300 4099; x_wconf 90' lang='lat' dir='ltr'><strong>von</strong></span> <span class='ocrx_word' id='word_1_320' title='bbox 1321 4043 1424 4098; x_wconf 82' lang='lat' dir='ltr'><strong>Lucas.</strong></span> 
     </span>
     <span class='ocr_line' id='line_1_38' title="bbox 272 4127 1427 4196; baseline 0.005 -16"><span class='ocrx_word' id='word_1_321' title='bbox 272 4127 338 4182; x_wconf 76' lang='lat' dir='ltr'><strong>ltine</strong></span> <span class='ocrx_word' id='word_1_322' title='bbox 356 4127 482 4182; x_wconf 82' lang='lat' dir='ltr'><strong>ziemlich</strong></span> <span class='ocrx_word' id='word_1_323' title='bbox 502 4127 691 4182; x_wconf 79' lang='lat' dir='ltr'><strong>aurftihrliehe</strong></span> <span class='ocrx_word' id='word_1_324' title='bbox 706 4129 866 4196; x_wconf 83' lang='lat' dir='ltr'><strong>geschichte</strong></span> <span class='ocrx_word' id='word_1_325' title='bbox 888 4128 937 4182; x_wconf 88' lang='lat' dir='ltr'><strong>der</strong></span> <span class='ocrx_word' id='word_1_326' title='bbox 955 4128 1035 4182; x_wconf 85' lang='lat' dir='ltr'><strong>stadt</strong></span> <span class='ocrx_word' id='word_1_327' title='bbox 1059 4128 1123 4196; x_wconf 83' lang='lat' dir='ltr'><strong>gibt</strong></span> <span class='ocrx_word' id='word_1_328' title='bbox 1139 4127 1224 4183; x_wconf 78' lang='lat' dir='ltr'><strong>nanu</strong></span> <span class='ocrx_word' id='word_1_329' title='bbox 1243 4129 1300 4194; x_wconf 89' lang='lat'><strong>111,</strong></span> <span class='ocrx_word' id='word_1_330' title='bbox 1319 4133 1374 4186; x_wconf 87' lang='grc'><strong>390</strong></span> <span class='ocrx_word' id='word_1_331' title='bbox 1395 4131 1427 4186; x_wconf 79' lang='grc' dir='ltr'><strong>ΙΙ.</strong></span> 
     </span>
     <span class='ocr_line' id='line_1_39' title="bbox 271 4215 1427 4284; baseline 0.008 -18"><span class='ocrx_word' id='word_1_332' title='bbox 271 4215 288 4266; x_wconf 88' lang='lat'>3</span> <span class='ocrx_word' id='word_1_333' title='bbox 307 4215 403 4270; x_wconf 87' lang='lat' dir='ltr'><strong>Dieser</strong></span> <span class='ocrx_word' id='word_1_334' title='bbox 420 4217 541 4271; x_wconf 87' lang='lat' dir='ltr'><strong>convent</strong></span> <span class='ocrx_word' id='word_1_335' title='bbox 559 4215 631 4284; x_wconf 90' lang='lat' dir='ltr'><strong>liegt</strong></span> <span class='ocrx_word' id='word_1_336' title='bbox 656 4215 694 4268; x_wconf 90' lang='lat' dir='ltr'><strong>im</strong></span> <span class='ocrx_word' id='word_1_337' title='bbox 715 4215 948 4271; x_wconf 86' lang='lat' dir='ltr'><strong>nordwestliehen</strong></span> <span class='ocrx_word' id='word_1_338' title='bbox 966 4217 1033 4272; x_wconf 91' lang='lat' dir='ltr'><strong>teile</strong></span> <span class='ocrx_word' id='word_1_339' title='bbox 1051 4217 1101 4272; x_wconf 90' lang='lat' dir='ltr'><strong>der</strong></span> <span class='ocrx_word' id='word_1_340' title='bbox 1119 4217 1198 4272; x_wconf 83' lang='lat' dir='ltr'><strong>stadt</strong></span> <span class='ocrx_word' id='word_1_341' title='bbox 1218 4218 1275 4272; x_wconf 88' lang='lat' dir='ltr'><strong>und</strong></span> <span class='ocrx_word' id='word_1_342' title='bbox 1294 4219 1333 4272; x_wconf 90' lang='lat' dir='ltr'><strong>ist</strong></span> <span class='ocrx_word' id='word_1_343' title='bbox 1354 4222 1427 4275; x_wconf 80' lang='lat'><strong>1⁴61</strong></span> 
     </span>
     <span class='ocr_line' id='line_1_40' title="bbox 270 4303 1427 4374; baseline 0.005 -20"><span class='ocrx_word' id='word_1_344' title='bbox 270 4319 333 4357; x_wconf 84' lang='lat' dir='ltr'><strong>vom</strong></span> <span class='ocrx_word' id='word_1_345' title='bbox 362 4303 453 4372; x_wconf 85' lang='lat' dir='ltr'><strong>degan</strong></span> <span class='ocrx_word' id='word_1_346' title='bbox 480 4303 694 4372; x_wconf 71' lang='lat' dir='ltr'><strong>christophorus</strong></span> <span class='ocrx_word' id='word_1_347' title='bbox 725 4305 840 4358; x_wconf 82' lang='lat' dir='ltr'><strong>Maurus</strong></span> <span class='ocrx_word' id='word_1_348' title='bbox 866 4304 970 4374; x_wconf 86' lang='lat' dir='ltr'><strong>(llere)</strong></span> <span class='ocrx_word' id='word_1_349' title='bbox 988 4303 1147 4374; x_wconf 85' lang='lat' dir='ltr'><strong>gegrltndet</strong></span> <span class='ocrx_word' id='word_1_350' title='bbox 1177 4305 1297 4360; x_wconf 86' lang='lat' dir='ltr'><strong>worden.</strong></span> <span class='ocrx_word' id='word_1_351' title='bbox 1336 4305 1427 4362; x_wconf 80' lang='lat' dir='ltr'><strong>Fabri</strong></span> 
     </span>
     <span class='ocr_line' id='line_1_41' title="bbox 271 4388 1192 4462; baseline 0.003 -18"><span class='ocrx_word' id='word_1_352' title='bbox 271 4388 318 4454; x_wconf 84' lang='grc' dir='ltr'>ΙΙΙ,</span> <span class='ocrx_word' id='word_1_353' title='bbox 337 4390 398 4446; x_wconf 78' lang='grc'><strong>424.</strong></span> <span class='ocrx_word' id='word_1_354' title='bbox 469 4391 619 4461; x_wconf 76' lang='lat' dir='ltr'><strong>tltiehtig</strong></span> <span class='ocrx_word' id='word_1_355' title='bbox 637 4391 853 4462; x_wconf 86' lang='lat' dir='ltr'><strong>carnisprivium</strong></span> <span class='ocrx_word' id='word_1_356' title='bbox 879 4415 911 4442; x_wconf 86' lang='lat'><strong>==</strong></span> <span class='ocrx_word' id='word_1_357' title='bbox 934 4391 1192 4448; x_wconf 76' lang='lat' dir='ltr'><strong>Archermittvvoch.</strong></span> 
     </span>
    </p>
   </div>
   <div class='ocr_carea' id='block_1_8' title="bbox 0 0 1546 4938">
    <p class='ocr_par' dir='ltr' id='par_1_10' title="bbox 0 0 1546 4938">
     <span class='ocr_line' id='line_1_42' title="bbox 0 0 1546 4938; baseline 0 0"><span class='ocrx_word' id='word_1_358' title='bbox 0 0 1546 4938; x_wconf 95' lang='lat' dir='ltr'><strong> </strong></span> 
     </span>
    </p>
   </div>
  </div>
 </body>
</html>
