3054 4944
828 335 893 407 292

285 515 374 580 tatur
395 511 601 601 sepulchrum
623 519 724 582 sancti
740 517 897 596 Joeehim,
920 516 1023 601 patris
1047 516 1158 596 Marie,
1180 517 1214 583 in
1238 515 1342 582 medio
1365 537 1436 600 gra·

285 621 381 686 duum
404 621 618 687 descendendo
652 623 690 687 ad
718 623 861 687 dextram
886 644 1036 702 manum,
1068 628 1101 688 et
1132 624 1166 688 in
1188 624 1321 688 sinistre
1343 643 1438 686 manu

286 725 488 810 sepulchrum
513 726 605 792 beate
628 729 729 807 Anne,
752 726 865 792 metris
888 727 1026 793 eiusdem
1048 727 1193 814 virginis.
1240 726 1307 793 Hec
1330 731 1439 791 sancta

266 829 407 894 'Helena
429 831 607 896 construxit
637 831 732 896 etiem
758 831 922 898 ecclesiam
944 831 1117 897 solemnem
1141 835 1173 897 et
1194 833 1356 912 devotam,
1388 852 1437 895 ro·

284 936 416 1001 tundam
439 934 558 1000 habens
573 935 721 1016 formem,
746 936 779 1000 in
796 940 905 1002 monte
920 933 1048 1016 Oliveti,
1072 937 1105 1001 in
1129 936 1199 1002 loco
1220 937 1276 1002 ubi
1292 934 1439 1001 Christus

285 1041 368 1106 celos
400 1040 557 1120 aseendit,
591 1063 652 1125 que
682 1041 776 1106 modo
799 1063 818 1105 a
839 1041 974 1125 paganis
1006 1063 1045 1106 ex
1073 1046 1165 1126 parte
1197 1048 1245 1106 est
1267 1041 1438 1106 destructa.

285 1143 354 1211 Hec
375 1149 486 1210 sancta
510 1143 632 1210 Helene
655 1146 834 1211 construxit
869 1146 969 1210 etiam
991 1145 1186 1212 laudabilem
1208 1145 1374 1211 ecclesiam
1408 1151 1441 1210 et

285 1250 423 1335 amplam
457 1250 491 1314 in
514 1253 622 1315 monte
644 1248 748 1335 Syon,
783 1251 817 1314 in
852 1250 941 1315 cuius
970 1250 1069 1315 muris
1091 1249 1441 1334 comprehendebantur

286 1357 356 1422 loca
377 1355 430 1421 sol.
454 1355 552 1435 locus,
576 1355 632 1420 ubi
648 1352 794 1420 Christus
817 1376 889 1420 cum
912 1354 1077 1439 discipulis
1098 1355 1164 1419 anis
1187 1355 1313 1420 cenarit
1336 1359 1370 1419 et
1392 1355 1438 1419 al-

286 1461 446 1526 tissimum
469 1464 700 1525 sacramentum
724 1460 883 1537 instituit3
919 1461 997 1525 item
1031 1459 1137 1538 locus,
1172 1459 1227 1524 ubi
1261 1459 1325 1524 fuit
1355 1481 1440 1524 esm-

287 1571 340 1632 tus
374 1587 477 1652 agnus
511 1566 643 1650 legalis3
679 1566 759 1631 itam
782 1566 892 1644 locus,
926 1566 980 1630 ubi
1005 1565 1232 1650 discipulorum
1266 1566 1362 1649 pedes
1393 1565 1440 1629 la·

287 1673 352 1750 vit;
387 1673 464 1737 item
496 1671 594 1750 locus,
631 1671 687 1736 ubi
719 1672 869 1755 spiritum
901 1675 1047 1737 sanctum
1080 1672 1113 1735 in
1136 1671 1309 1756 discipulos
1335 1671 1439 1746 misitr

287 1778 368 1844 item
388 1777 490 1858 locus,
514 1777 548 1840 in
572 1797 636 1860 quo
659 1775 763 1840 Maria
785 1776 970 1860 frequenter
992 1776 1114 1852 oravit;
1146 1777 1224 1841 item
1246 1775 1351 1856 locus,
1386 1777 1442 1842 ubi

288 1904 344 1948 rex
366 1881 469 1946 David
492 1881 636 1965 sepultus
671 1881 788 1946 dicitur
823 1885 855 1944 et
888 1881 943 1944 alii
967 1881 1074 1964 plures
1097 1901 1208 1965 regem
1243 1881 1320 1946 item
1343 1881 1443 1959 locus,

288 1988 343 2052 ubi
367 1986 469 2051 Maria
491 1991 616 2051 mortue
639 1988 702 2061 est;
726 1985 803 2050 item
828 1985 923 2065 loeus,
946 1985 1002 2050 ubi
1017 1983 1180 2050 Johannes
1203 1991 1235 2052 et
1258 1987 1371 2051 beatus
1386 1985 1443 2052 Ja-

286 2093 393 2172 oobus,
409 2090 510 2156 frater
526 2090 656 2170 domini,
672 2089 773 2155 Marie
787 2090 893 2174 sepius
910 2090 1036 2155 missam
1054 2091 1219 2168 dixerunt3
1243 2091 1321 2156 item
1342 2090 1444 2171 locus,

287 2197 343 2262 uhi
367 2197 476 2262 heatus
498 2195 637 2262 Jacohus
660 2195 765 2260 minor
787 2195 821 2259 in
845 2195 1029 2280 episcopum
1050 2193 1366 2260 iherosolimitanum
1390 2218 1443 2262 or·

288 2303 415 2368 dinatus
437 2301 517 2378 fuit3
541 2301 620 2366 item
644 2300 742 2379 locus,
765 2299 820 2364 ubi
843 2319 910 2366 sore
925 2321 1021 2384 super
1037 2299 1193 2364 Mathiam
1209 2301 1339 2377 cecidit;
1363 2303 1443 2366 item

288 2407 392 2488 locus,
427 2407 483 2472 ubi
505 2409 634 2471 sanctus
657 2403 837 2489 Stephanus
872 2425 942 2468 eum
965 2409 1074 2470 saneto
1099 2403 1274 2470 Gamaliele
1308 2410 1341 2470 et
1374 2407 1443 2471 filio

287 2533 345 2578 auo
368 2511 507 2597 Abydon
529 2509 665 2574 secundo
689 2507 835 2592 sepultus
857 2531 877 2574 a
900 2509 992 2574 beato
1014 2507 1173 2590 Johanne,
1195 2509 1343 2594 episeopo
1368 2509 1444 2576 lhe-

288 2617 517 2696 rosolimitano,
541 2614 624 2692 fuit3
648 2615 724 2680 item
748 2613 845 2694 loona,
869 2614 925 2678 ubi
941 2614 1090 2698 discipuli
1113 2615 1151 2679 nd
1173 2636 1300 2681 omnem
1321 2619 1445 2681 terram

286 2745 320 2789 se
342 2723 535 2798 diviserunt3
568 2721 644 2786 item
675 2719 781 2799 locus,
814 2719 868 2783 ubi
892 2717 1039 2784 Christus
1062 2719 1226 2804 discipulis
1248 2721 1444 2804 predicavit3

287 2829 365 2894 item
386 2827 474 2893 locus
496 2825 623 2904 ibidem,
645 2823 701 2888 uhi
725 2823 843 2901 Maria,
880 2827 982 2888 mater
1005 2823 1110 2903 Ihesu,
1132 2825 1261 2890 sedebat
1283 2825 1446 2891 etlilium

288 2933 502 3020 predicantem
521 2930 687 2995 audiebat:
713 2934 745 2992 et
767 2928 805 2992 de
829 2929 878 2991 his
900 2928 1048 2992 omnibus
1070 2927 1148 2993 locis
1171 2929 1289 2994 clarius
1304 2929 1446 2996 habetur

288 3041 321 3103 in
344 3039 422 3104 locis
444 3060 563 3103 eorum.
613 3033 655 3098 Et
677 3033 736 3097 hec
757 3031 863 3097 omnia
886 3031 956 3097 loca
979 3035 1071 3097 erant
1092 3033 1126 3096 in
1149 3055 1213 3098 una
1234 3033 1368 3099 ecclesia
1391 3035 1445 3101 sed

288 3146 449 3210 destructa
472 3165 490 3205 a
512 3139 668 3226 paganisr
701 3143 733 3204 et
756 3138 849 3204 modo
871 3159 980 3228 parra¹
994 3137 1123 3203 ecclesia
1146 3145 1208 3220 est,
1239 3139 1340 3205 solum
1366 3161 1444 3205 con·

287 3251 393 3314 tinene
416 3249 521 3312 locum
543 3267 621 3311 eene
637 3245 794 3310 dominice
817 3249 848 3309 et
863 3243 968 3309 locum
983 3244 1114 3309 lotionis
1128 3245 1261 3328 pedum;
1285 3244 1350 3310 alia
1373 3266 1443 3310 om-

289 3355 343 3418 nia
358 3357 433 3418 sunt
450 3357 540 3416 extra
555 3351 623 3415 sine
639 3350 748 3436 aliquo
764 3347 895 3414 edificio.
942 3347 1129 3414 Construxit
1144 3351 1240 3414 etiam
1256 3349 1315 3414 hec
1325 3356 1445 3415 saneta

289 3458 413 3523 Helena
436 3457 599 3523 ecclesiam
616 3455 799 3540 pretiosam,
825 3459 858 3519 et
880 3455 960 3519 mire
976 3453 1216 3540 magnitudinis,
1238 3459 1272 3518 et
1293 3453 1444 3520 devotam

290 3565 380 3628 beate
403 3563 504 3628 Meris
526 3561 661 3646 virginis
697 3561 731 3624 in
755 3559 939 3638 Bethleem,
973 3581 1034 3644 que
1056 3559 1153 3624 hebet
1175 3558 1336 3625 columnas
1359 3561 1444 3625 altas

287 3669 461 3754 plurimum
495 3673 527 3732 et
549 3686 742 3731 marmoreas
774 3663 1027 3749 quinquaginta,
1060 3685 1129 3728 oum
1155 3663 1292 3729 mussioa
1314 3663 1444 3748 picture

288 3797 346 3859 per
369 3777 473 3839 totum
497 3773 661 3849 decorate,
690 3769 741 3834 sed
767 3769 893 3852 pictura
918 3791 990 3834 cum
1012 3769 1164 3835 violentia
1186 3791 1387 3855 paganorum
1410 3771 1443 3833 in

289 3879 421 3946 diversis
444 3877 522 3942 loeis
544 3873 681 3939 multum
706 3873 886 3952 destructa,
918 3873 1101 3956 pavimento
1136 3875 1174 3938 de
1196 3873 1323 3939 laminis
1358 3875 1443 3939 miro

288 3985 380 4050 modo
402 3983 543 4048 sternata
568 3979 761 4045 marmoreis.
810 3977 848 4042 ln
871 3979 981 4044 eadem
1005 3980 1187 4044 continetur
1210 3979 1298 4045 locus
1320 3981 1441 4044 nativi·

288 4091 364 4155 tatis
387 4087 507 4154 Christi
532 4091 563 4151 et
585 4086 675 4151 iuxta
697 4084 832 4149 eundem
860 4106 991 4170 presepe
1006 4085 1142 4160 domini3
1167 4085 1243 4150 item
1266 4085 1354 4150 locus
1378 4086 1441 4149 cir-

288 4193 488 4260 cumcisionis
504 4191 640 4267 Christi;
663 4191 743 4256 item
765 4189 863 4270 loeus,
888 4190 942 4255 ubi
966 4195 1033 4254 tres
1057 4191 1140 4275 megi
1156 4211 1288 4254 munera
1310 4189 1441 4254 domino

288 4302 447 4367 offerenda
470 4298 699 4383 preparabant3
733 4296 810 4362 item
833 4297 938 4376 locus,
967 4296 1023 4362 ubi
1046 4296 1139 4361 atella
1160 4295 1296 4360 intravit
1317 4297 1441 4362 terram

289 4406 449 4488 perductis
472 4405 600 4488 regibus
624 4406 662 4468 ad
686 4401 865 4478 Christum
888 4403 965 4466 item
989 4402 1086 4480 locus,
1111 4403 1162 4467 ubi
1187 4422 1320 4487 corpora
1346 4401 1440 4467 inno·
