3056 4944
653 331 695 398 80

102 503 234 570 diversis
267 505 424 585 cumulis,
457 529 534 592 quos
561 509 710 592 conspexi
733 508 831 573 oculis
863 511 940 575 meis
955 512 975 576 ¹.
1024 511 1136 578 Posuit
1157 514 1253 579 etiam

104 632 134 674 se
156 615 271 676 contra
303 618 425 676 turrem
458 615 559 678 sancti
582 613 708 679 Nicolai
738 638 810 680 cum
838 617 949 682 multis
972 616 1169 698 bombardis‚
1199 620 1253 684 scd

106 715 187 784 nihil
211 717 321 800 potuit
345 739 466 782 nocere.
512 719 554 783 Et
576 721 705 785 tandem
729 721 804 785 fecit
835 722 903 787 fieri
938 745 1039 788 unum
1062 729 1192 807 pontem
1215 725 1253 788 de

103 822 182 884 vasis
206 827 241 886 et
256 824 429 907 temptavit
443 846 500 906 per
516 825 700 890 violentiam
717 829 837 893 turrem
853 828 1013 904 obtinere;
1037 828 1120 892 nihil
1135 829 1252 893 iterum

102 925 253 1010 profecit,
277 927 419 1012 perdidit
444 925 490 1014 [p.
514 928 572 1016 48]
597 930 704 1014 plures
727 931 760 995 in
784 932 841 997 illo
864 937 973 1017 ponte,
998 933 1053 1018 qui
1068 933 1251 1018 submerge-

105 1033 232 1099 bantnr.
280 1032 364 1098 Nam
387 1033 480 1098 miles
502 1055 575 1100 cum
598 1035 782 1119 quingentis
806 1040 875 1102 erat
898 1038 931 1102 in
955 1041 1054 1118 turre,
1078 1043 1110 1103 et
1132 1039 1252 1104 submi-

101 1141 214 1202 serunt
238 1141 289 1202 tot
311 1137 433 1223 lapides
456 1161 551 1223 snper
573 1139 645 1205 illos
669 1141 702 1205 in
726 1145 844 1226 ponte,
868 1144 952 1228 qnod
976 1143 1036 1228 ipsi
1060 1167 1132 1209 cum
1155 1151 1252 1229 ponte

100 1244 270 1328 perierunt
285 1241 308 1308 ².
354 1243 473 1309 Videas
489 1243 620 1324 Turnus,
645 1248 728 1331 quod
752 1248 794 1312 ibi
820 1249 918 1313 etiam
941 1249 1024 1313 nihil
1048 1251 1156 1334 potuit
1177 1273 1251 1334 pro-

99 1351 203 1428 licere,
229 1349 389 1414 convertit
411 1371 443 1413 se
465 1371 536 1415 cum
552 1351 673 1435 populo
697 1353 735 1417 ed
758 1376 855 1418 unam
878 1359 1001 1438 partem
1026 1356 1174 1436 civitatis,
1198 1357 1252 1421 ubi

97 1477 230 1520 murum
253 1455 427 1533 destruxit,
455 1461 487 1521 et
510 1457 631 1542 incepit
654 1461 706 1522 ter
728 1481 786 1542 per
808 1461 1040 1526 vehementiam
1064 1461 1184 1524 intrare
1207 1461 1251 1525 ci-

98 1561 245 1625 vitatem.
292 1559 335 1624 Et
357 1561 389 1624 in
414 1561 510 1625 tertia
525 1562 594 1626 rice
609 1563 753 1628 obtinuit
767 1563 922 1630 fossatum
938 1569 1100 1629 muratum
1123 1569 1155 1629 et
1178 1588 1251 1650 par-

97 1670 162 1730 tem
186 1665 274 1731 muri
296 1666 445 1731 civitatis.
482 1665 600 1732 Videns
624 1668 657 1732 in
681 1673 771 1733 turre
794 1670 895 1734 sancti
917 1668 1044 1735 Nicolai
1066 1670 1156 1734 milas
1180 1675 1251 1734 tan·

98 1776 165 1836 tam
202 1771 388 1854 angustiam
420 1775 452 1836 et
482 1793 683 1856 pressuram,
718 1776 889 1859 assumptis
923 1775 961 1839 de
993 1776 1058 1839 suis
1092 1775 1252 1855 ducentos,

102 1877 247 1962 reliquos
271 1877 392 1942 dimisit
413 1878 445 1942 in
470 1882 577 1958 turre,
611 1901 761 1945 occurens
782 1880 816 1944 in
841 1879 996 1944 auxilinm
1019 1881 1056 1944 ad
1081 1880 1252 1960 civitatem,

102 1987 134 2047 et
158 1983 291 2048 tandem
313 1982 389 2046 deus
412 1982 499 2046 dedit
521 1985 646 2047 tantam
669 1985 822 2068 gratiam,
847 1985 923 2068 quia
944 1985 1095 2068 apparuit
1118 1985 1253 2068 quedam

102 2087 261 2154 terribilis
283 2109 361 2152 crux
383 2108 501 2170 magna
532 2109 626 2172 snper
647 2111 784 2154 murum.
832 2087 983 2154 Videntes
1006 2088 1103 2153 Turci
1126 2093 1252 2152 tantum

103 2193 256 2258 timorem
278 2191 501 2274 incurrerunt,
526 2195 609 2279 quod
633 2199 786 2278 ceperunt
817 2194 939 2280 fugere.
987 2193 1160 2260 Johannite
1183 2213 1253 2256 sus·

100 2303 194 2383 cepta
219 2297 343 2363 audicio
366 2299 552 2364 invaserunt
573 2299 646 2364 illos
668 2299 827 2383 fugientes
849 2322 906 2384 per
929 2299 1117 2384 potentiam,
1140 2319 1252 2382 percu·

101 2405 221 2470 tientes
245 2407 278 2467 et
300 2404 479 2470 occidentes
501 2405 570 2469 sine
592 2405 826 2486 misericordia,
858 2406 905 2470 ita
928 2407 1011 2491 quod
1035 2426 1170 2490 magnus
1193 2427 1251 2468 nu-

100 2531 208 2575 merus
223 2509 400 2574 infidelium
419 2515 616 2576 mortuorum
632 2511 784 2577 remansit
800 2512 902 2576 iacere
924 2513 958 2576 in
975 2511 1079 2590 fossis,
1105 2511 1136 2574 in
1154 2510 1253 2574 muris

102 2621 133 2680 et
158 2616 192 2680 in
216 2615 333 2699 plateis
356 2615 505 2694 civitatis,
530 2639 609 2702 quos
632 2621 774 2683 mortuos
791 2617 1042 2696 combusserunt,
1069 2617 1253 2700 cineresque

100 2721 307 2805 proiecerunt
331 2721 364 2785 in
388 2743 474 2786 mare
489 2721 512 2786 ⁸.
558 2721 600 2787 Et
622 2721 737 2806 reliqui
762 2721 868 2803 Turni,
892 2723 946 2806 qui
971 2725 1158 2802 evaserunt,
1182 2743 1251 2786 cum

667 2855 686 2890 ’k

172 2931 185 2986 l
207 2929 278 2985 Dsm
296 2927 384 2986 Dictr.
404 2947 428 2988 ι.
443 2929 571 2987 Schucht.
593 2933 643 2988 184
661 2931 756 2987 wurde
775 2931 922 2997 berichtet‚
942 2933 1006 2987 dass
1024 2949 1091 2986 man
1107 2931 1252 3000 ‚dreymal

98 3018 238 3075 hundertt
268 3021 398 3074 tanscntt
424 3020 527 3075 hanbtt
547 3019 747 3076 Bnehsanstein
773 3019 842 3074 ihnn
863 3019 961 3076 ltodiss
991 3019 1133 3090 gelnnden
1160 3019 1252 3074 hott«.

98 3107 185 3162 Fabri
204 3105 254 3174 111,
273 3105 325 3161 200
351 3105 429 3176 giebt
453 3105 499 3164 die
524 3109 588 3163 zahl
615 3107 664 3163 der
682 3107 771 3164 steine
795 3108 846 3162 auf
863 3107 931 3164 3500
951 3125 1002 3172 an,
1021 3107 1125 3161 welche
1149 3107 1252 3162 anzahl

100 3197 169 3252 aber
189 3197 262 3251 nach
282 3195 362 3252 Hosio
381 3195 417 3260 11,
435 3197 487 3252 416
507 3195 552 3250 >in
571 3195 731 3266 pochissimi
749 3195 858 3265 giomi«
877 3195 908 3250 in
926 3194 971 3249 die
990 3193 1070 3249 stadt
1087 3195 1252 3266 geschossen

99 3285 205 3340 warde.
295 3285 311 3338 2
330 3283 425 3339 Diessr
444 3285 551 3356 angriff
566 3285 636 3341 land
655 3283 726 3340 nach
740 3285 888 3340 Breidenb.
910 3285 960 3340 120
982 3301 1029 3338 am
1048 3285 1081 3339 20
1094 3284 1160 3346 Juli,
1179 3285 1253 3340 nach

99 3373 235 3428 Hammer
254 3372 275 3438 1,
295 3373 346 3428 569
374 3373 503 3444 dagegen
530 3391 576 3428 am
602 3375 634 3429 19
653 3373 720 3427 Juni
748 3374 837 3438 ststt;
866 3372 947 3429 Bosio
974 3373 1026 3428 hat
1053 3373 1119 3427 hein
1144 3373 1251 3430 datum.

99 3451 176 3517 llber
194 3461 249 3516 den
273 3461 339 3515 1464
357 3477 420 3516 rom
437 3459 623 3532 grossmeister
638 3461 781 3516 Raimund
794 3462 910 3516 Zacosta
923 3461 1069 3526 erbauten,
1088 3460 1150 3516 sehr
1163 3461 1253 3516 fasten

99 3552 177 3604 turm
203 3548 253 3603 das
282 3549 321 3602 hl.
340 3548 474 3606 Nicolans
493 3569 513 3604 s.
533 3551 613 3607 Bosio
632 3552 665 3617 11,
685 3551 745 3607 293.
782 3550 821 3604 Zu
850 3548 942 3605 seiner
960 3549 1107 3617 erbauung
1132 3551 1253 3606 stenerte

101 3637 216 3708 Philipp
236 3653 292 3693 ron
310 3637 445 3707 Bnrgnnd
466 3639 557 3694 12000
580 3637 721 3710 (Conrady
743 3641 791 3695 106
811 3657 886 3693 anm.
907 3638 956 3692 158
976 3639 1041 3706 sagt
1060 3637 1131 3707 irrig
1151 3641 1182 3694 10
1190 3641 1252 3706 0001

102 3725 249 3795 goldscndi
269 3725 324 3780 bei.
429 3729 446 3780 3
464 3725 515 3781 Die
527 3725 717 3796 beschisllung
735 3726 784 3782 der
797 3725 975 3780 stadtmauer
994 3725 1111 3780 dauerte
1128 3725 1164 3781 38
1176 3727 1252 3796 tage.

102 3813 156 3869 Der
168 3815 352 3883 hauptsturm
370 3811 439 3868 land
458 3832 504 3869 arn
523 3813 629 3869 281111
651 3813 810 3884 (Breidenb.
827 3815 875 3870 120
889 3814 941 3868 hat
954 3813 1008 3868 den
1021 3815 1056 3868 28
1071 3815 1153 3883 Aug.)
1171 3817 1253 3868 statt.

101 3899 150 3955 Die
178 3901 399 3972 nnterstfitsung
418 3917 474 3955 von
501 3901 569 3957 reite
597 3901 645 3957 des
672 3901 916 3958 hommandanten
943 3901 990 3956 des
1015 3901 1253 3957 Nicolansturmes

100 3987 175 4044 finds
193 3987 239 4042 ich
258 3987 393 4058 nirgsnds
404 3990 540 4045 erwthnt.
576 3989 647 4046 Dass
666 3990 711 4045 die
724 3989 832 4045 leichen
851 3989 1073 4060 dergefallsnen
1088 3987 1252 4043 1111111111-

102 4075 210 4130 1111111
222 4075 344 4145 minden,
363 4077 469 4133 meldet
488 4095 562 4134 awar
576 4079 721 4134 Breidenb.
735 4078 822 4142 nicht,
838 4077 940 4149 jedoch
953 4076 1034 4133 Bosio
1048 4074 1155 4139 11,419.
1192 4073 1252 4127 Dan

102 4165 356 4232 gssammtverlust
374 4165 424 4220 der
441 4165 553 4222 'I'hrhen
571 4167 616 4222 bei
635 4167 725 4222 dieser
744 4167 920 4238 belagerung
938 4166 1019 4236 gicht
1039 4161 1184 4216 Breidenb.
1205 4161 1256 4214 auf

100 4251 170 4307 9000
184 4253 246 4306 tote
258 4249 317 4304 und
332 4251 423 4308 15000
436 4253 614 4308 vernundete
627 4271 672 4310 an.
709 4253 759 4308 Die
772 4253 958 4322 eracheinung
970 4251 1018 4306 des
1037 4251 1158 4312 kreuzes,
1177 4248 1253 4303 einer

102 4339 156 4394 mit
174 4337 264 4393 schild
283 4337 341 4393 und
360 4341 441 4394 lanae
459 4337 643 4395 bewaffueten
661 4339 838 4410 gltnaendcn
862 4341 1000 4409 jungl'rau
1028 4336 1086 4391 und
1104 4335 1179 4390 sines
1199 4354 1253 4393 von

102 4425 289 4498 glenzendem
317 4427 427 4498 gelolga
453 4426 627 4496 umgebsncn
651 4427 773 4498 humpen
801 4423 1252 4499 (11111111111111)1111111111
