3054 4944
636 345 699 410 305

125 522 172 589 De
194 524 290 588 variis
313 523 497 588 nationibus
520 521 775 587 Christianorum
798 523 830 586 in
855 543 971 604 genere
994 521 1209 585 habitantium

536 628 570 692 in
594 627 801 694 Iherusalenr.

179 731 344 797 inhabitat
367 733 462 797 etiarn
489 733 595 812 modo,
629 754 712 797 auno
735 731 854 798 domini
883 733 976 812 1483,
998 735 1141 796 sanctam
1164 731 1243 796 civi-

91 841 190 902 tatem
214 843 322 904 nostre
346 839 574 922 redemptionis
589 838 785 904 [herusalem
800 839 937 923 populus
960 838 1102 903 fidelium
1125 838 1162 902 de
1185 860 1240 902 va-

89 943 146 1007 riis
169 944 353 1008 nationibus
374 945 485 1010 mundi
508 949 540 1010 et
564 944 712 1010 hereticis
734 945 828 1008 sectis
853 948 886 1008 at
907 944 1067 1008 erroribus
1083 943 1244 1008 involutus

90 1048 163 1132 plus
187 1072 283 1134 quarn
307 1049 395 1114 milla
419 1050 562 1116 homines
584 1050 751 1134 utriusque
773 1071 876 1114 sexus.

179 1151 228 1240 [p.
246 1153 327 1241 353]
353 1153 445 1220 Greci
464 1155 473 1190 ¹
498 1158 574 1219 sunt
597 1156 630 1218 in
647 1176 779 1219 numero
803 1175 918 1238 magno
934 1151 1152 1218 lherosolimis
1174 1157 1242 1218 tam

91 1259 238 1324 declaro
261 1281 357 1345 quarn
380 1259 538 1346 devulgo
561 1261 634 1345 plus
658 1283 754 1346 quam
777 1260 885 1346 aliqua
907 1261 970 1324 alia
994 1261 1100 1337 natio3
1130 1264 1162 1323 et
1185 1259 1243 1323 ha·

92 1366 167 1430 beut
200 1388 261 1450 pro
292 1388 352 1431 usu
385 1389 493 1432 eorum
531 1368 564 1431 in
599 1367 720 1450 templo
744 1366 894 1432 dominici
924 1365 1085 1449 sepulchri
1110 1366 1242 1432 chorum

90 1471 243 1536 maiorem
275 1477 306 1536 et
329 1475 437 1552 extra,
471 1495 570 1557 prope
593 1471 767 1558 ternplum,
802 1472 921 1537 hahent
955 1472 987 1535 in
1011 1493 1070 1537 usu
1092 1472 1245 1557 capellam

89 1581 271 1642 sanctoruni
288 1577 484 1663 angelorum.
531 1578 572 1642 Et
587 1599 696 1644 omnes
713 1581 849 1642 utuntur
865 1578 977 1643 littera
1000 1599 1095 1661 greca
1118 1583 1150 1642 et
1172 1599 1243 1642 ara·

91 1684 161 1749 bioa
184 1688 251 1748 tarn
274 1683 441 1748 scribendo
464 1706 559 1768 quarn
582 1684 751 1770 loquenda.

157 1788 206 1853 De
229 1789 383 1868 Suriunis,
407 1791 461 1874 qui
485 1811 518 1856 se
540 1789 738 1856 Christianos
761 1791 964 1870 confitentur,
988 1790 1171 1855 habitantes

390 1896 423 1958 iu
448 1895 579 1962 civitate
601 1901 712 1962 sancta
733 1895 947 1962 Jherusalem.

178 1999 308 2066 Susiani
332 2050 341 2066 .
366 2051 374 2066 .
399 2051 407 2067 .
431 2001 506 2067 licet
522 2003 729 2069 nominantur
745 2001 930 2081 Christiani,
954 2025 992 2067 ex
1015 2020 1131 2084 magna
1154 2004 1245 2083 parte

90 2111 168 2170 sunt
190 2105 335 2171 infideles
358 2105 509 2190 duplicas,
534 2113 566 2172 et
589 2128 677 2172 more
700 2106 872 2173 Grecorum
887 2109 977 2174 velut
991 2106 1111 2189 vulpes,
1135 2104 1245 2184 dolosi,

89 2210 260 2277 mendaces
283 2215 315 2276 et
337 2211 565 2290 inconstantes,
587 2212 681 2278 amici
704 2211 833 2278 fortune
856 2217 889 2277 et
911 2212 950 2277 ad
972 2233 1105 2276 munera
1127 2209 1245 2288 faciles,

89 2315 216 2382 furtum
239 2321 273 2380 et
295 2317 440 2400 rapinam
464 2318 553 2403 quasi
577 2339 637 2402 pro
660 2317 764 2382 nihilo
786 2323 972 2402 reputantes
996 2365 1003 2381 .
1030 2366 1068 2384 ..
1096 2317 1141 2400 [p.
1165 2315 1244 2398 354]

89 2469 98 2487 .
125 2471 134 2488 .
160 2474 168 2489 .
219 2421 356 2499 Predicti
373 2422 500 2512 Suriani
517 2425 743 2490 instructiones
766 2429 799 2490 et
814 2427 1055 2492 consuetudines
1072 2423 1245 2490 Greoorurn

69 2529 121 2592 ·in
148 2527 267 2592 divinis
290 2527 402 2594 officiis
425 2533 458 2594 et
480 2529 552 2594 aliis
574 2531 797 2614 spiritualibus
813 2531 973 2595 exercitiis
988 2531 1116 2614 penitus
1138 2529 1246 2594 ohser-

88 2642 167 2700 vant
192 2682 201 2698 .
225 2682 266 2699 ..
312 2631 359 2698 De
382 2632 526 2700 Surianis
554 2657 671 2720 magna
701 2657 775 2719 pars
797 2637 965 2720 utriusque
994 2656 1086 2700 sexus
1119 2635 1247 2718 penitus

88 2761 153 2806 non
177 2739 349 2806 confitetur
372 2745 502 2824 peccata
524 2763 591 2822 sua,
615 2741 691 2827 quia
707 2745 828 2808 secreta
849 2763 958 2808 eorum
975 2740 1089 2805 nolunt
1106 2741 1245 2805 revolare

88 2845 319 2926 sacerdotibus,
353 2867 411 2930 pro
434 2868 487 2928 eo,
521 2849 611 2933 quod.
629 2869 693 2914 non
716 2849 895 2926 confidunt,
927 2850 964 2912 ut
987 2850 1116 2912 taceant
1142 2895 1150 2910 .
1174 2895 1182 2910 .
1207 2895 1247 2910 ..

90 2947 138 3036 [p.
162 2951 244 3034 355]
268 2949 395 3014 Suriaci
419 2955 530 3016 tenent
545 2953 754 3018 communiter
778 2975 877 3018 unum
899 2952 932 3016 in
956 2951 1078 3034 templo
1094 2950 1244 3016 dominici

89 3055 255 3140 sepulchri
278 3057 429 3122 continue
451 3057 620 3138 inclusum,
644 3061 676 3122 et
698 3057 818 3123 habent
841 3057 875 3121 in
899 3079 956 3122 usu
981 3057 1162 3134 ecclesiam,
1187 3077 1248 3139 que

88 3160 184 3225 modo
200 3159 357 3226 fabricata
379 3166 443 3226 stat
465 3163 498 3226 in
522 3161 602 3242 loco,
623 3163 679 3227 ubi
704 3167 773 3226 erat
788 3163 899 3226 domus
922 3161 1032 3240 Marie,
1055 3161 1167 3225 matris
1190 3157 1246 3222 Jo-

89 3265 217 3346 hannis,
241 3269 316 3331 ante
339 3267 428 3331 cuius
451 3268 578 3333 ianuam
601 3269 692 3333 stetit
715 3267 831 3333 Petrus
856 3268 996 3352 pulsans,
1019 3288 1090 3332 curn
1115 3265 1246 3330 eductus

89 3377 174 3436 esset
198 3393 256 3456 per
279 3372 428 3456 angelum
452 3373 489 3438 de
512 3395 636 3440 carone
660 3372 795 3438 Herodis
808 3371 831 3436 ².

178 3477 222 3561 [p.
248 3477 327 3561 358]
351 3477 398 3543 De
421 3478 595 3544 Armenis⁸
619 3483 651 3544 at
680 3501 790 3544 eorum
813 3479 994 3558 erroribus,
1024 3477 1246 3542 habitantibus

88 3649 253 3722 gegennber
280 3651 360 3707 stellt
386 3651 444 3706 und
471 3653 588 3708 letatura
606 3595 768 3722 verthidigt.
805 3653 860 3707 Am
879 3651 1001 3707 schlusse
1030 3651 1109 3716 triebt
1139 3668 1170 3707 er
1196 3651 1248 3706 das

89 3737 168 3794 hebr.
187 3738 334 3809 alphabet.
370 3739 477 3811 Wegen
505 3741 552 3796 des
571 3740 757 3812 gleiohlautes
784 3741 833 3796 (les
855 3739 1081 3796 Walther'schen
1111 3739 1248 3796 beriehtes

89 3826 228 3882 mildam
247 3825 540 3884 Breidenbachswird
560 3829 620 3884 hier
645 3847 700 3886 von
718 3828 876 3884 demselben
906 3845 959 3882 nur
987 3844 1059 3898 ganz
1078 3825 1171 3897 wenig
1191 3844 1249 3882 rer·

90 3914 260 3970 offentlicht.

163 4006 175 4059 l
197 3989 274 4060 liber
290 4004 336 4060 die
354 4005 489 4062 Griachen
509 4003 766 4061 handeltWalther
779 4021 834 4061 ron
852 4021 879 4074 p.
893 4004 945 4059 349
964 4002 1007 4058 bis
1021 4003 1073 4058 353
1093 4001 1150 4056 und
1169 3999 1248 4054 ruhrr

88 4093 150 4150 ihre
169 4094 369 4151 wescntlichen
387 4094 602 4164 dogmatischen
625 4095 773 4158 irrtflrner,
802 4093 879 4148 dano
907 4091 953 4148 die
973 4089 1172 4162 hauptpunlrte
1204 4105 1249 4152 an,

88 4185 119 4240 in
144 4183 237 4239 denen
265 4181 326 4238 ihre
343 4182 460 4253 liturgia
480 4200 535 4239 von
561 4183 611 4240 <ier
638 4183 688 4238 der
707 4181 838 4238 Lateiner
867 4179 1025 4242 abwaicht;
1054 4195 1101 4232 am
1128 4176 1250 4231 sahlusse

88 4274 170 4345 giebt
187 4291 219 4330 er
237 4271 289 4328 das
307 4270 411 4341 griech.
431 4272 576 4342 alphabat.
668 4272 685 4327 2
703 4270 788 4328 Fabri
812 4271 846 4334 11,
867 4269 917 4324 122
939 4265 1101 4323 maeiohnet
1119 4265 1165 4319 die
1185 4263 1249 4333 lage

88 4363 181 4418 dieser
208 4359 305 4416 kircha
331 4377 464 4432 genauer.
503 4361 567 4432 Vgl.
586 4360 664 4418 Tobl.
684 4359 751 4430 Top.
771 4359 793 4423 1,
813 4358 874 4414 422.
982 4355 1046 4422 3p.
1065 4354 1117 4407 355
1137 4352 1179 4408 bis
1198 4353 1250 4410 357

88 4450 212 4506 handelt
233 4449 363 4505 Walther
383 4449 609 4505 ›columbinis‹
631 4449 688 4503 und
710 4448 759 4502 »de
779 4444 979 4500 Nestorlantsae.

154 4559 320 4604 termnum.
1052 4531 1095 4598 20
