3054 4942
816 349 881 414 214

274 531 425 610 putantes
447 526 505 592 illo
530 548 601 591 sero
624 527 671 590 ire
693 531 725 590 et
741 527 877 603 reverti;
901 531 933 590 et
948 547 1018 591 cnm
1036 528 1178 610 cepimus
1193 529 1425 605 castrametari,

275 633 422 696 dominus
438 631 552 696 Petrus
569 629 699 696 Welsch
724 637 757 695 et
771 653 880 696 omnes
902 654 957 696 sex
980 633 1018 696 de
1041 633 1104 696 alia
1119 633 1270 697 societate
1285 632 1296 668 ¹
1319 637 1353 697 et
1366 631 1423 697 Jo-

274 736 395 802 hannes
417 757 510 802 cocus
546 757 615 800 cum
640 735 764 818 impetu
788 737 1014 820 equitaverunt
1036 759 1145 801 versus
1173 759 1259 801 mare
1282 739 1425 816 rubrum,

275 843 419 906 nolentes
441 843 605 908 advertere
627 840 881 924 prohibitionem
905 843 1004 905 nostri
1028 841 1333 920 drutzstlrelmanni‚
1365 843 1424 906 mi-

274 947 360 1012 noris
382 945 490 1012 Callili
506 945 529 1026 ¹,
553 946 608 1031 qui
631 945 730 1024 dixit,
766 947 848 1030 quod
872 968 936 1011 non
960 955 1089 1030 possent
1111 948 1219 1011 venire
1242 948 1300 1011 illa
1322 953 1425 1012 nocte.

276 1053 317 1116 Et
331 1056 501 1136 antequam
518 1055 743 1135 pervenerunt,
766 1052 954 1133 inceperunt
969 1053 1109 1130 tenebre,
1133 1057 1166 1116 et
1188 1074 1295 1117 errare
1318 1055 1351 1116 iu
1374 1075 1424 1118 so-

274 1157 428 1234 litudine,
459 1163 492 1221 et
523 1157 569 1220 sic
597 1177 630 1220 sc
653 1161 685 1219 et
707 1176 764 1220 uos
787 1161 964 1239 posuerunt
985 1157 1024 1221 ad
1048 1179 1200 1241 maguum
1223 1159 1372 1223 timorem
1394 1162 1426 1222 et

273 1263 455 1348 angustiam
479 1265 612 1346 propter
636 1261 775 1340 Arabes,
798 1263 852 1346 qui
876 1265 952 1326 suut
975 1263 1102 1345 pessimi
1126 1261 1267 1326 latrones
1297 1267 1330 1327 et
1351 1285 1425 1346 spo-

273 1368 422 1445 liatores,
456 1389 513 1431 nec
536 1367 652 1452 aliquis
675 1368 713 1431 de
735 1368 854 1431 uostris
882 1368 996 1432 Arabis
1018 1368 1121 1433 voluit
1142 1389 1214 1432 eum
1237 1369 1330 1452 ipsis,
1363 1371 1424 1433 nisi

273 1473 403 1538 daretur
425 1471 558 1536 cuilibet
580 1472 722 1536 ducatus.
768 1470 849 1535 Item
875 1471 956 1536 feria
980 1477 1069 1536 sexta
1092 1473 1128 1555 [3
1151 1471 1247 1558 Oct.]‚
1272 1496 1333 1558 que
1357 1479 1426 1540 crat

272 1577 385 1662 vigilia
401 1578 503 1641 sancti
517 1575 688 1654 Francisci‚
704 1581 778 1640 ante
794 1577 963 1641 lucilerum
975 1583 1183 1642 surrexerunt
1196 1580 1293 1644 Arabi
1311 1585 1423 1662 nostri,

273 1689 306 1747 et
328 1705 529 1768 nequaquam
545 1681 715 1746 voluerunt
731 1687 912 1765 exspectare
934 1683 1034 1747 socios
1050 1684 1201 1766 perditos,
1225 1686 1286 1748 nisi
1309 1687 1423 1750 daren-

273 1789 395 1853 tureis
418 1789 461 1852 50
484 1787 612 1853 medini.
660 1787 701 1850 Et
723 1808 795 1850 cum
810 1791 1021 1851 oneraverunt
1037 1789 1173 1852 camelos
1197 1790 1308 1868 nostri,
1332 1811 1423 1874 pere-

273 1894 359 1979 grini
382 1893 588 1970 audiverunt,
624 1891 678 1976 qui
709 1891 840 1955 fuerunt
862 1892 997 1974 perditi,
1033 1915 1052 1956 a
1083 1893 1178 1976 longe
1196 1895 1360 1978 garritum
1393 1899 1425 1959 et

273 2000 467 2064 camelorum
488 1997 669 2075 clamorem,
694 1997 769 2081 quia
792 1997 905 2060 cameli
928 1998 1019 2062 valde
1042 2019 1191 2080 magnum
1209 2001 1369 2083 garritum
1393 2007 1425 2066 et

276 2104 464 2171 horribilem
488 2103 657 2167 clamorem
681 2103 747 2166 sive
775 2123 888 2166 sonum
911 2103 1051 2182 faciunt,
1087 2105 1214 2187 quaudo
1238 2111 1423 2170 onerantur.

273 2211 315 2276 Et
338 2210 414 2275 dum
437 2229 560 2273 eramus
582 2207 615 2270 iu
640 2207 702 2284 via,
725 2211 932 2272 occurrerunt
954 2229 1026 2273 cum
1048 2231 1166 2293 magno
1189 2211 1305 2293 gaudio
1320 2213 1423 2275 nostri

274 2316 410 2382 consocii
441 2316 596 2378 dicentes:
629 2311 732 2376 »haus
764 2313 821 2376 deo
844 2317 972 2378 nostro!
1005 2314 1064 2377 nisi
1090 2315 1173 2377 enim
1196 2314 1424 2380 audivissemus

274 2421 443 2486 clamorem
467 2419 668 2498 camelorum,
693 2417 862 2482 fuissemus
884 2441 956 2483 vere
979 2419 1012 2482 in
1037 2441 1161 2484 errore«
1178 2419 1200 2482 ⁸.
1245 2419 1287 2483 Et
1310 2421 1423 2486 deinde

275 2527 487 2612 equitavimus
509 2525 611 2589 adhuc
634 2525 667 2588 in
691 2524 846 2604 tenebris,
870 2528 1027 2588 venerunt
1048 2525 1143 2588 multi
1168 2525 1280 2588 cameli
1305 2531 1338 2588 et
1362 2549 1425 2590 una

275 2653 419 2709 carvana,
442 2631 526 2694 iuter
543 2652 621 2714 quos
645 2635 737 2695 erant
759 2631 821 2694 duo
838 2630 954 2694 fratres
977 2631 1014 2694 de
1030 2627 1226 2694 Iberusalem
1248 2629 1304 2694 sel.
1321 2631 1423 2696 irater

276 2736 415 2802 lacobus
430 2737 542 2816 maior,
566 2734 731 2814 Slovaum,
755 2741 787 2798 et
803 2734 902 2799 frater
916 2733 1055 2800 lacobus
1078 2734 1184 2800 minor
1207 2735 1245 2798 da
1260 2733 1423 2819 Sybinico,

277 2843 458 2926 equitantes
480 2861 591 2905 versus
613 2848 756 2906 sanctam
780 2838 1000 2916 llathnrimm,
1024 2843 1057 2903 et
1080 2838 1156 2903 licet
1179 2839 1325 2904 exierunt
1347 2846 1422 2907 aute

273 2968 329 3012 nos
352 2947 390 3010 de
414 2945 610 3011 [herusalem
639 2947 781 3010 volentes
817 2966 873 3009 nos
897 2945 1017 3028 preire,
1046 2951 1152 3008 tamen
1177 2945 1323 3009 dominus
1347 2967 1422 3011 cou-

274 3053 352 3116 tulit
368 3051 459 3115 nobis
469 3052 619 3136 gratiam,
636 3051 718 3135 quod
735 3072 791 3114 nos
804 3049 996 3132 perfecimus
1008 3049 1070 3112 iter
1086 3055 1118 3113 et
1129 3049 1423 3133 peregrinationem

275 3161 433 3234 antaeus,
457 3177 528 3220 cum
553 3157 669 3240 quibus
693 3177 752 3240 ego
776 3178 839 3219 non
864 3155 1029 3240 loquebar,
1053 3155 1128 3239 quia
1151 3156 1350 3220 transierunt
1372 3181 1423 3222 mc

271 3262 434 3326 nesciente
457 3261 488 3322 in
507 3261 665 3336 tenebris3
690 3261 792 3324 socius
808 3281 884 3324 vero
907 3281 995 3324 meus
1011 3259 1136 3325 locutus
1159 3265 1206 3324 est
1230 3260 1275 3324 eis
1287 3259 1310 3326 ⁴.
1359 3262 1421 3328 De-

273 3387 357 3429 mum
381 3369 452 3428 orto
475 3363 542 3429 sole
565 3365 654 3450 quasi
680 3387 788 3429 omnes
805 3365 1032 3428 declinavimus
1048 3387 1157 3428 versus
1179 3387 1266 3429 mara
1289 3367 1420 3432 rubrum

271 3471 310 3534 ad
333 3469 435 3548 littus,
461 3471 516 3534 ubi
539 3470 599 3535 filii
617 3471 739 3535 Israhel
756 3471 903 3535 exierunt
928 3491 1015 3533 mare
1029 3467 1052 3534 ⁶.
1101 3469 1141 3533 llt
1163 3469 1248 3533 ultra
1264 3493 1352 3535 mare
1376 3478 1424 3536 est

272 3595 371 3652 mons,
396 3574 480 3639 infra
505 3598 598 3660 quem
621 3581 653 3640 et
677 3597 764 3640 marc
787 3576 920 3638 rubrum
944 3575 1002 3638 filii
1023 3573 1143 3638 Israhel
1168 3573 1301 3639 fuerunt
1321 3598 1422 3662 angu-

343 3821 355 3874 1
377 3817 426 3872 Die
444 3817 536 3888 pilger
555 3817 603 3872 der
616 3817 723 3873 dritten
737 3818 924 3888 gesellschait.
953 3819 979 3871 S.
999 3835 1019 3871 s.
1037 3817 1084 3872 187
1104 3835 1179 3872 aum.
1197 3821 1222 3875 4.
1260 3818 1353 3883 Fabri,
1373 3821 1421 3876 der

271 3925 364 3978 ganan
382 3905 522 3960 diasalben
542 3922 644 3959 namen
665 3905 730 3969 hat,
758 3904 916 3959 beschreibt
933 3905 966 3969 11,
986 3906 1036 3958 524
1055 3903 1083 3957 ff.
1102 3903 1197 3958 diesen
1216 3906 1423 3977 antberlegteu

271 3997 379 4060 exkurs,
398 3994 448 4049 der
460 3993 505 4048 die
518 3993 710 4050 schlimmstan
724 3993 821 4062 folgen
835 3993 916 4047 hittte
928 3993 1020 4048 haben
1033 3991 1152 4056 hbnnen,
1166 3991 1229 4047 sehr
1240 3993 1424 4049 ausfuhrlieh.

270 4083 428 4138 20aliuus.
461 4081 523 4151 Vgl.
545 4081 593 4134 191
614 4097 690 4134 anm.
710 4081 735 4134 6.
806 4081 928 4136 3Fabri
947 4099 970 4137 a„
992 4099 1055 4136 ao.
1074 4079 1183 4136 abanec.
1255 4080 1423 4146 trannin,

272 4174 323 4228 530
336 4171 465 4226 ervlthut
479 4169 544 4224 awai
557 4169 739 4232 harenam,
753 4169 804 4223 sah
818 4170 885 4224 aber
897 4169 943 4224 die
956 4169 1023 4223 avvei
1038 4168 1153 4223 mdnehe
1163 4167 1324 4237 gleichialls
1337 4169 1423 4224 nicht.

271 4259 287 4312 5
307 4259 342 4311 Es
355 4258 482 4327 begaben
501 4257 560 4312 sich
576 4275 629 4311 nur
647 4256 692 4311 die
706 4256 799 4326 pilger
818 4257 871 4310 mit
884 4258 995 4327 einigen
1008 4257 1123 4312 sstbreru
1141 4273 1178 4310 au
1197 4257 1248 4311 das
1266 4259 1327 4312 rote
1341 4275 1424 4322 maer,

272 4345 322 4400 das
342 4349 415 4400 etna
444 4346 505 4401 eina
523 4345 624 4400 stuudc
645 4363 708 4401 vom
726 4361 803 4415 wege
829 4345 931 4414 ableg,
964 4345 1010 4400 dia
1029 4344 1147 4414 tibrigen
1166 4343 1262 4398 fuhrar
1289 4345 1343 4398 mit
1370 4345 1424 4399 den

272 4431 403 4487 hamelen
423 4432 538 4488 bliebeu
558 4435 609 4488 aul
626 4433 674 4489 der
693 4431 969 4488 taravanenstraila.
