<?xml version="1.0" encoding="UTF-8"?>
<!DOCTYPE html PUBLIC "-//W3C//DTD XHTML 1.0 Transitional//EN"
    "http://www.w3.org/TR/xhtml1/DTD/xhtml1-transitional.dtd">
<html xmlns="http://www.w3.org/1999/xhtml" xml:lang="en" lang="en">
 <head>
  <title>
</title>
<meta http-equiv="Content-Type" content="text/html;charset=utf-8" />
  <meta name='ocr-system' content='tesseract 3.04.00' />
  <meta name='ocr-capabilities' content='ocr_page ocr_carea ocr_par ocr_line ocrx_word'/>
</head>
<body>
  <div class='ocr_page' id='page_1' title='image "./fratrispauliwal01waltgoog_0065.png"; bbox 0 0 3062 4938; ppageno 0'>
   <div class='ocr_carea' id='block_1_1' title="bbox 824 335 866 399">
    <p class='ocr_par' dir='ltr' id='par_1_1' title="bbox 824 335 866 399">
     <span class='ocr_line' id='line_1_1' title="bbox 824 335 866 399; baseline -0.024 0"><span class='ocrx_word' id='word_1_1' title='bbox 824 335 866 399; x_wconf 80' lang='lat'><strong>44</strong></span> 
     </span>
    </p>
   </div>
   <div class='ocr_carea' id='block_1_2' title="bbox 267 509 1422 2064">
    <p class='ocr_par' dir='ltr' id='par_1_2' title="bbox 267 509 1422 2064">
     <span class='ocr_line' id='line_1_2' title="bbox 268 509 1418 594; baseline 0.003 -22"><span class='ocrx_word' id='word_1_2' title='bbox 268 509 329 573; x_wconf 84' lang='lat' dir='ltr'><strong>iam</strong></span> <span class='ocrx_word' id='word_1_3' title='bbox 353 510 539 574; x_wconf 69' lang='lat' dir='ltr'><strong>emiterii«</strong></span> <span class='ocrx_word' id='word_1_4' title='bbox 588 509 781 593; x_wconf 75' lang='lat' dir='ltr'>Respondit:</span> <span class='ocrx_word' id='word_1_5' title='bbox 809 509 895 594; x_wconf 79' lang='lat' dir='ltr'><strong>»Ego</strong></span> <span class='ocrx_word' id='word_1_6' title='bbox 919 531 988 575; x_wconf 90' lang='lat' dir='ltr'><strong>sum</strong></span> <span class='ocrx_word' id='word_1_7' title='bbox 1013 512 1045 575; x_wconf 91' lang='lat' dir='ltr'><strong>in</strong></span> <span class='ocrx_word' id='word_1_8' title='bbox 1071 531 1187 594; x_wconf 84' lang='lat' dir='ltr'><strong>magna</strong></span> <span class='ocrx_word' id='word_1_9' title='bbox 1210 509 1418 576; x_wconf 77' lang='lat' dir='ltr'><strong>tribulatione</strong></span> 
     </span>
     <span class='ocr_line' id='line_1_3' title="bbox 268 615 1418 698; baseline 0.003 -20"><span class='ocrx_word' id='word_1_10' title='bbox 268 619 401 698; x_wconf 91' lang='lat' dir='ltr'><strong>propter</strong></span> <span class='ocrx_word' id='word_1_11' title='bbox 434 615 567 678; x_wconf 88' lang='lat' dir='ltr'><strong>fratrem</strong></span> <span class='ocrx_word' id='word_1_12' title='bbox 598 637 704 680; x_wconf 87' lang='lat' dir='ltr'><strong>meum</strong></span> <span class='ocrx_word' id='word_1_13' title='bbox 729 615 905 696; x_wconf 89' lang='lat' dir='ltr'><strong>carnalem,</strong></span> <span class='ocrx_word' id='word_1_14' title='bbox 937 617 988 681; x_wconf 89' lang='lat' dir='ltr'><strong>cni</strong></span> <span class='ocrx_word' id='word_1_15' title='bbox 1019 617 1159 682; x_wconf 86' lang='lat' dir='ltr'><strong>furatum</strong></span> <span class='ocrx_word' id='word_1_16' title='bbox 1183 621 1232 680; x_wconf 91' lang='lat' dir='ltr'><strong>est</strong></span> <span class='ocrx_word' id='word_1_17' title='bbox 1254 617 1287 680; x_wconf 90' lang='lat' dir='ltr'><strong>iu</strong></span> <span class='ocrx_word' id='word_1_18' title='bbox 1312 616 1418 681; x_wconf 78' lang='lat' dir='ltr'><strong>valore</strong></span> 
     </span>
     <span class='ocr_line' id='line_1_4' title="bbox 268 718 1417 804; baseline 0.004 -23"><span class='ocrx_word' id='word_1_19' title='bbox 268 718 451 804; x_wconf 89' lang='lat' dir='ltr'><strong>plusquam</strong></span> <span class='ocrx_word' id='word_1_20' title='bbox 474 723 546 784; x_wconf 88' lang='lat' dir='ltr'><strong>octo</strong></span> <span class='ocrx_word' id='word_1_21' title='bbox 569 719 695 783; x_wconf 89' lang='lat' dir='ltr'><strong>milium</strong></span> <span class='ocrx_word' id='word_1_22' title='bbox 723 720 767 804; x_wconf 88' lang='lat' dir='ltr'><strong>[p.</strong></span> <span class='ocrx_word' id='word_1_23' title='bbox 784 720 840 804; x_wconf 84' lang='lat'><strong>23]</strong></span> <span class='ocrx_word' id='word_1_24' title='bbox 855 722 1053 798; x_wconf 75' lang='lat' dir='ltr'>ducatorum,</span> <span class='ocrx_word' id='word_1_25' title='bbox 1076 728 1110 786; x_wconf 87' lang='lat' dir='ltr'><strong>et</strong></span> <span class='ocrx_word' id='word_1_26' title='bbox 1133 721 1184 784; x_wconf 86' lang='lat' dir='ltr'><strong>fur</strong></span> <span class='ocrx_word' id='word_1_27' title='bbox 1200 721 1263 784; x_wconf 90' lang='lat' dir='ltr'><strong>iam</strong></span> <span class='ocrx_word' id='word_1_28' title='bbox 1286 725 1335 785; x_wconf 89' lang='lat' dir='ltr'><strong>est</strong></span> <span class='ocrx_word' id='word_1_29' title='bbox 1349 743 1417 786; x_wconf 87' lang='lat' dir='ltr'><strong>sus-</strong></span> 
     </span>
     <span class='ocr_line' id='line_1_5' title="bbox 268 823 1417 910; baseline 0.002 -22"><span class='ocrx_word' id='word_1_30' title='bbox 268 823 465 906; x_wconf 67' lang='lat' dir='ltr'><strong>pendendum</strong></span> <span class='ocrx_word' id='word_1_31' title='bbox 500 824 571 888; x_wconf 86' lang='lat' dir='ltr'><strong>ideo</strong></span> <span class='ocrx_word' id='word_1_32' title='bbox 602 845 671 888; x_wconf 89' lang='lat' dir='ltr'><strong>snm</strong></span> <span class='ocrx_word' id='word_1_33' title='bbox 697 830 802 889; x_wconf 89' lang='lat' dir='ltr'><strong>motus</strong></span> <span class='ocrx_word' id='word_1_34' title='bbox 832 826 870 890; x_wconf 89' lang='lat' dir='ltr'><strong>ad</strong></span> <span class='ocrx_word' id='word_1_35' title='bbox 903 825 1163 892; x_wconf 78' lang='lat' dir='ltr'><strong>confessionem«</strong></span> <span class='ocrx_word' id='word_1_36' title='bbox 1210 825 1279 910; x_wconf 77' lang='lat' dir='ltr'><strong>Ego</strong></span> <span class='ocrx_word' id='word_1_37' title='bbox 1302 827 1417 890; x_wconf 89' lang='lat' dir='ltr'><strong>iterum</strong></span> 
     </span>
     <span class='ocr_line' id='line_1_6' title="bbox 269 927 1420 1015; baseline 0.004 -24"><span class='ocrx_word' id='word_1_38' title='bbox 269 927 352 991; x_wconf 84' lang='lat' dir='ltr'><strong>dixi:</strong></span> <span class='ocrx_word' id='word_1_39' title='bbox 387 928 570 1004; x_wconf 78' lang='lat' dir='ltr'><strong>»Quomodo</strong></span> <span class='ocrx_word' id='word_1_40' title='bbox 593 933 719 994; x_wconf 88' lang='lat' dir='ltr'><strong>tantum</strong></span> <span class='ocrx_word' id='word_1_41' title='bbox 743 930 839 994; x_wconf 90' lang='lat' dir='ltr'><strong>simul</strong></span> <span class='ocrx_word' id='word_1_42' title='bbox 864 931 990 997; x_wconf 84' lang='lat' dir='ltr'><strong>furatus</strong></span> <span class='ocrx_word' id='word_1_43' title='bbox 1012 936 1104 997; x_wconf 71' lang='lat' dir='ltr'><strong>esti«</strong></span> <span class='ocrx_word' id='word_1_44' title='bbox 1151 929 1242 996; x_wconf 83' lang='lat' dir='ltr'><strong>Tunc</strong></span> <span class='ocrx_word' id='word_1_45' title='bbox 1263 953 1420 1015; x_wconf 83' lang='lat' dir='ltr'><strong>exponere</strong></span> 
     </span>
     <span class='ocr_line' id='line_1_7' title="bbox 270 1032 1420 1120; baseline 0.007 -26"><span class='ocrx_word' id='word_1_46' title='bbox 270 1032 349 1096; x_wconf 90' lang='lat' dir='ltr'><strong>mibi</strong></span> <span class='ocrx_word' id='word_1_47' title='bbox 373 1033 492 1115; x_wconf 75' lang='lat' dir='ltr'><strong>incepit</strong></span> <span class='ocrx_word' id='word_1_48' title='bbox 525 1037 629 1098; x_wconf 87' lang='lat' dir='ltr'><strong>totum</strong></span> <span class='ocrx_word' id='word_1_49' title='bbox 663 1036 837 1120; x_wconf 83' lang='lat' dir='ltr'><strong>negotium.</strong></span> <span class='ocrx_word' id='word_1_50' title='bbox 883 1037 925 1102; x_wconf 83' lang='lat' dir='ltr'><strong>Et</strong></span> <span class='ocrx_word' id='word_1_51' title='bbox 947 1059 984 1102; x_wconf 88' lang='lat' dir='ltr'><strong>ex</strong></span> <span class='ocrx_word' id='word_1_52' title='bbox 1008 1058 1080 1102; x_wconf 88' lang='lat' dir='ltr'><strong>casu</strong></span> <span class='ocrx_word' id='word_1_53' title='bbox 1112 1035 1175 1100; x_wconf 88' lang='lat' dir='ltr'><strong>luit</strong></span> <span class='ocrx_word' id='word_1_54' title='bbox 1198 1057 1320 1101; x_wconf 88' lang='lat' dir='ltr'><strong>mecum</strong></span> <span class='ocrx_word' id='word_1_55' title='bbox 1344 1041 1420 1102; x_wconf 88' lang='lat' dir='ltr'><strong>autc</strong></span> 
     </span>
     <span class='ocr_line' id='line_1_8' title="bbox 269 1136 1421 1227; baseline 0.006 -28"><span class='ocrx_word' id='word_1_56' title='bbox 269 1136 489 1221; x_wconf 80' lang='lat' dir='ltr'><strong>Heydelberge</strong></span> <span class='ocrx_word' id='word_1_57' title='bbox 512 1138 593 1210; x_wconf 80' lang='lat' dir='ltr'><strong>idem</strong></span> <span class='ocrx_word' id='word_1_58' title='bbox 618 1139 673 1204; x_wconf 85' lang='lat' dir='ltr'><strong>fur</strong></span> <span class='ocrx_word' id='word_1_59' title='bbox 695 1145 727 1204; x_wconf 93' lang='lat' dir='ltr'><strong>et</strong></span> <span class='ocrx_word' id='word_1_60' title='bbox 748 1141 832 1205; x_wconf 88' lang='lat' dir='ltr'><strong>dixit</strong></span> <span class='ocrx_word' id='word_1_61' title='bbox 855 1141 894 1206; x_wconf 89' lang='lat' dir='ltr'><strong>ad</strong></span> <span class='ocrx_word' id='word_1_62' title='bbox 917 1164 984 1218; x_wconf 90' lang='lat' dir='ltr'><strong>ms,</strong></span> <span class='ocrx_word' id='word_1_63' title='bbox 1008 1142 1090 1227; x_wconf 90' lang='lat' dir='ltr'><strong>quod</strong></span> <span class='ocrx_word' id='word_1_64' title='bbox 1115 1141 1176 1206; x_wconf 87' lang='lat' dir='ltr'><strong>sibi</strong></span> <span class='ocrx_word' id='word_1_65' title='bbox 1200 1145 1304 1206; x_wconf 86' lang='lat' dir='ltr'><strong>essent</strong></span> <span class='ocrx_word' id='word_1_66' title='bbox 1327 1145 1421 1206; x_wconf 89' lang='lat' dir='ltr'><strong>tanta</strong></span> 
     </span>
     <span class='ocr_line' id='line_1_9' title="bbox 269 1241 1420 1329; baseline 0.002 -23"><span class='ocrx_word' id='word_1_67' title='bbox 269 1241 375 1306; x_wconf 84' lang='lat' dir='ltr'><strong>furata</strong></span> <span class='ocrx_word' id='word_1_68' title='bbox 399 1243 431 1305; x_wconf 91' lang='lat' dir='ltr'><strong>in</strong></span> <span class='ocrx_word' id='word_1_69' title='bbox 456 1242 596 1327; x_wconf 90' lang='lat' dir='ltr'><strong>hospitio</strong></span> <span class='ocrx_word' id='word_1_70' title='bbox 620 1243 696 1308; x_wconf 85' lang='lat' dir='ltr'><strong>ville</strong></span> <span class='ocrx_word' id='word_1_71' title='bbox 719 1244 887 1309; x_wconf 83' lang='lat' dir='ltr'><strong>Euwossen</strong></span> <span class='ocrx_word' id='word_1_72' title='bbox 905 1245 926 1325; x_wconf 91' lang='lat'><strong>¹,</strong></span> <span class='ocrx_word' id='word_1_73' title='bbox 961 1249 994 1310; x_wconf 90' lang='lat' dir='ltr'><strong>et</strong></span> <span class='ocrx_word' id='word_1_74' title='bbox 1027 1246 1161 1310; x_wconf 86' lang='lat' dir='ltr'><strong>mentito</strong></span> <span class='ocrx_word' id='word_1_75' title='bbox 1190 1250 1237 1310; x_wconf 85' lang='lat' dir='ltr'><strong>est</strong></span> <span class='ocrx_word' id='word_1_76' title='bbox 1266 1245 1420 1329; x_wconf 86' lang='lat' dir='ltr'><strong>iniqnitas</strong></span> 
     </span>
     <span class='ocr_line' id='line_1_10' title="bbox 270 1346 1420 1426; baseline 0.005 -18"><span class='ocrx_word' id='word_1_77' title='bbox 270 1346 339 1413; x_wconf 90' lang='lat' dir='ltr'><strong>sibi.</strong></span> <span class='ocrx_word' id='word_1_78' title='bbox 389 1347 430 1412; x_wconf 87' lang='lat' dir='ltr'><strong>Et</strong></span> <span class='ocrx_word' id='word_1_79' title='bbox 453 1349 516 1412; x_wconf 88' lang='lat' dir='ltr'><strong>dixi</strong></span> <span class='ocrx_word' id='word_1_80' title='bbox 541 1349 579 1412; x_wconf 89' lang='lat' dir='ltr'><strong>ad</strong></span> <span class='ocrx_word' id='word_1_81' title='bbox 604 1350 826 1416; x_wconf 88' lang='lat' dir='ltr'><strong>confitentem:</strong></span> <span class='ocrx_word' id='word_1_82' title='bbox 858 1349 951 1417; x_wconf 78' lang='lat' dir='ltr'><strong>»Cito</strong></span> <span class='ocrx_word' id='word_1_83' title='bbox 981 1352 1075 1416; x_wconf 88' lang='lat' dir='ltr'><strong>mitte</strong></span> <span class='ocrx_word' id='word_1_84' title='bbox 1097 1371 1183 1414; x_wconf 90' lang='lat' dir='ltr'><strong>nunc</strong></span> <span class='ocrx_word' id='word_1_85' title='bbox 1214 1350 1250 1414; x_wconf 88' lang='lat' dir='ltr'><strong>ad</strong></span> <span class='ocrx_word' id='word_1_86' title='bbox 1275 1349 1420 1426; x_wconf 86' lang='lat' dir='ltr'><strong>fratrem,</strong></span> 
     </span>
     <span class='ocr_line' id='line_1_11' title="bbox 268 1453 1421 1541; baseline 0.003 -27"><span class='ocrx_word' id='word_1_87' title='bbox 268 1457 304 1514; x_wconf 94' lang='lat' dir='ltr'><strong>ut</strong></span> <span class='ocrx_word' id='word_1_88' title='bbox 336 1473 398 1516; x_wconf 92' lang='lat' dir='ltr'><strong>non</strong></span> <span class='ocrx_word' id='word_1_89' title='bbox 421 1453 650 1536; x_wconf 87' lang='lat' dir='ltr'><strong>suspendatur,</strong></span> <span class='ocrx_word' id='word_1_90' title='bbox 683 1456 758 1539; x_wconf 89' lang='lat' dir='ltr'><strong>quia</strong></span> <span class='ocrx_word' id='word_1_91' title='bbox 788 1457 828 1520; x_wconf 86' lang='lat' dir='ltr'><strong>ab</strong></span> <span class='ocrx_word' id='word_1_92' title='bbox 857 1457 967 1541; x_wconf 89' lang='lat' dir='ltr'><strong>aliqua</strong></span> <span class='ocrx_word' id='word_1_93' title='bbox 997 1478 1133 1541; x_wconf 90' lang='lat' dir='ltr'><strong>persona</strong></span> <span class='ocrx_word' id='word_1_94' title='bbox 1154 1477 1225 1520; x_wconf 88' lang='lat' dir='ltr'><strong>sum</strong></span> <span class='ocrx_word' id='word_1_95' title='bbox 1255 1454 1421 1519; x_wconf 90' lang='lat' dir='ltr'><strong>consultus</strong></span> 
     </span>
     <span class='ocr_line' id='line_1_12' title="bbox 267 1557 1421 1646; baseline 0.003 -28"><span class='ocrx_word' id='word_1_96' title='bbox 267 1561 358 1620; x_wconf 85' lang='lat' dir='ltr'><strong>extra</strong></span> <span class='ocrx_word' id='word_1_97' title='bbox 374 1557 599 1622; x_wconf 78' lang='lat' dir='ltr'><strong>confessionem</strong></span> <span class='ocrx_word' id='word_1_98' title='bbox 624 1559 662 1622; x_wconf 88' lang='lat' dir='ltr'><strong>de</strong></span> <span class='ocrx_word' id='word_1_99' title='bbox 685 1559 750 1623; x_wconf 94' lang='lat' dir='ltr'><strong>illis</strong></span> <span class='ocrx_word' id='word_1_100' title='bbox 769 1561 880 1636; x_wconf 85' lang='lat' dir='ltr'><strong>rebus;</strong></span> <span class='ocrx_word' id='word_1_101' title='bbox 903 1561 956 1624; x_wconf 88' lang='lat' dir='ltr'><strong>sed</strong></span> <span class='ocrx_word' id='word_1_102' title='bbox 975 1561 1090 1640; x_wconf 87' lang='lat' dir='ltr'><strong>nescio,</strong></span> <span class='ocrx_word' id='word_1_103' title='bbox 1114 1565 1268 1646; x_wconf 88' lang='lat' dir='ltr'><strong>quantum</strong></span> <span class='ocrx_word' id='word_1_104' title='bbox 1292 1561 1344 1637; x_wconf 83' lang='lat' dir='ltr'><strong>sit,</strong></span> <span class='ocrx_word' id='word_1_105' title='bbox 1369 1560 1421 1623; x_wconf 86' lang='lat' dir='ltr'><strong>vel</strong></span> 
     </span>
     <span class='ocr_line' id='line_1_13' title="bbox 268 1660 1420 1749; baseline 0.003 -25"><span class='ocrx_word' id='word_1_106' title='bbox 268 1660 344 1744; x_wconf 91' lang='lat' dir='ltr'><strong>quid</strong></span> <span class='ocrx_word' id='word_1_107' title='bbox 366 1661 419 1738; x_wconf 88' lang='lat' dir='ltr'><strong>sit,</strong></span> <span class='ocrx_word' id='word_1_108' title='bbox 442 1663 556 1746; x_wconf 81' lang='lat' dir='ltr'><strong>ignoro</strong></span> <span class='ocrx_word' id='word_1_109' title='bbox 572 1664 729 1748; x_wconf 77' lang='lat' dir='ltr'><strong>penitus«</strong></span> <span class='ocrx_word' id='word_1_110' title='bbox 777 1663 844 1728; x_wconf 90' lang='lat' dir='ltr'><strong>Nec</strong></span> <span class='ocrx_word' id='word_1_111' title='bbox 861 1665 1022 1730; x_wconf 86' lang='lat' dir='ltr'><strong>nominavi</strong></span> <span class='ocrx_word' id='word_1_112' title='bbox 1040 1687 1207 1749; x_wconf 88' lang='lat' dir='ltr'><strong>personam</strong></span> <span class='ocrx_word' id='word_1_113' title='bbox 1231 1686 1290 1728; x_wconf 90' lang='lat' dir='ltr'><strong>uec</strong></span> <span class='ocrx_word' id='word_1_114' title='bbox 1307 1687 1420 1748; x_wconf 90' lang='lat' dir='ltr'><strong>quem-</strong></span> 
     </span>
     <span class='ocr_line' id='line_1_14' title="bbox 268 1767 1421 1853; baseline 0.005 -25"><span class='ocrx_word' id='word_1_115' title='bbox 268 1788 372 1849; x_wconf 85' lang='lat' dir='ltr'><strong>quam,</strong></span> <span class='ocrx_word' id='word_1_116' title='bbox 396 1767 450 1832; x_wconf 89' lang='lat' dir='ltr'><strong>sed</strong></span> <span class='ocrx_word' id='word_1_117' title='bbox 475 1769 559 1833; x_wconf 82' lang='lat' dir='ltr'><strong>dixi:</strong></span> <span class='ocrx_word' id='word_1_118' title='bbox 585 1767 637 1834; x_wconf 82' lang='lat' dir='ltr'><strong>»si</strong></span> <span class='ocrx_word' id='word_1_119' title='bbox 661 1768 723 1848; x_wconf 89' lang='lat' dir='ltr'><strong>fur,</strong></span> <span class='ocrx_word' id='word_1_120' title='bbox 747 1790 840 1853; x_wconf 91' lang='lat' dir='ltr'><strong>quem</strong></span> <span class='ocrx_word' id='word_1_121' title='bbox 865 1769 999 1850; x_wconf 89' lang='lat' dir='ltr'><strong>habetis,</strong></span> <span class='ocrx_word' id='word_1_122' title='bbox 1022 1772 1228 1835; x_wconf 84' lang='lat' dir='ltr'><strong>confiteretur</strong></span> <span class='ocrx_word' id='word_1_123' title='bbox 1248 1769 1421 1834; x_wconf 82' lang='lat' dir='ltr'><strong>veritatem</strong></span> 
     </span>
     <span class='ocr_line' id='line_1_15' title="bbox 269 1872 1419 1958; baseline 0.003 -24"><span class='ocrx_word' id='word_1_124' title='bbox 269 1877 302 1934; x_wconf 87' lang='lat' dir='ltr'><strong>et</strong></span> <span class='ocrx_word' id='word_1_125' title='bbox 324 1872 458 1950; x_wconf 90' lang='lat' dir='ltr'><strong>diceret,</strong></span> <span class='ocrx_word' id='word_1_126' title='bbox 484 1894 546 1958; x_wconf 92' lang='lat' dir='ltr'><strong>quo</strong></span> <span class='ocrx_word' id='word_1_127' title='bbox 570 1873 696 1938; x_wconf 84' lang='lat' dir='ltr'><strong>fecisset</strong></span> <span class='ocrx_word' id='word_1_128' title='bbox 719 1873 770 1938; x_wconf 84' lang='lat' dir='ltr'><strong>vel</strong></span> <span class='ocrx_word' id='word_1_129' title='bbox 793 1875 847 1939; x_wconf 92' lang='lat' dir='ltr'><strong>ubi</strong></span> <span class='ocrx_word' id='word_1_130' title='bbox 871 1875 1059 1956; x_wconf 75' lang='lat' dir='ltr'><strong>dimisisset,</strong></span> <span class='ocrx_word' id='word_1_131' title='bbox 1083 1881 1160 1941; x_wconf 90' lang='lat' dir='ltr'><strong>tunc</strong></span> <span class='ocrx_word' id='word_1_132' title='bbox 1183 1881 1217 1940; x_wconf 88' lang='lat' dir='ltr'><strong>et</strong></span> <span class='ocrx_word' id='word_1_133' title='bbox 1239 1895 1298 1958; x_wconf 82' lang='lat' dir='ltr'><strong>ego</strong></span> <span class='ocrx_word' id='word_1_134' title='bbox 1321 1876 1419 1940; x_wconf 83' lang='lat' dir='ltr'><strong>etiam</strong></span> 
     </span>
     <span class='ocr_line' id='line_1_16' title="bbox 267 1975 1422 2064; baseline 0.005 -25"><span class='ocrx_word' id='word_1_135' title='bbox 267 1975 340 2040; x_wconf 85' lang='lat' dir='ltr'><strong>volo</strong></span> <span class='ocrx_word' id='word_1_136' title='bbox 363 1999 468 2042; x_wconf 89' lang='lat' dir='ltr'><strong>meum</strong></span> <span class='ocrx_word' id='word_1_137' title='bbox 491 1979 622 2044; x_wconf 76' lang='lat' dir='ltr'><strong>lacerer</strong></span> <span class='ocrx_word' id='word_1_138' title='bbox 671 1978 843 2064; x_wconf 79' lang='lat' dir='ltr'><strong>Sperabam</strong></span> <span class='ocrx_word' id='word_1_139' title='bbox 871 1981 954 2046; x_wconf 90' lang='lat' dir='ltr'><strong>enim</strong></span> <span class='ocrx_word' id='word_1_140' title='bbox 971 1982 1137 2046; x_wconf 83' lang='lat' dir='ltr'><strong>servitium</strong></span> <span class='ocrx_word' id='word_1_141' title='bbox 1154 1981 1258 2046; x_wconf 85' lang='lat' dir='ltr'><strong>fucere</strong></span> <span class='ocrx_word' id='word_1_142' title='bbox 1272 2001 1422 2064; x_wconf 81' lang='lat' dir='ltr'><strong>persone,</strong></span> 
     </span>
    </p>
   </div>
   <div class='ocr_carea' id='block_1_3' title="bbox 161 2083 1421 2171">
    <p class='ocr_par' dir='ltr' id='par_1_3' title="bbox 161 2083 1421 2171">
     <span class='ocr_line' id='line_1_17' title="bbox 161 2083 1421 2171; baseline 0.006 -28"><span class='ocrx_word' id='word_1_143' title='bbox 161 2149 163 2154; x_wconf 54' lang='grc'>,</span> <span class='ocrx_word' id='word_1_144' title='bbox 266 2103 328 2165; x_wconf 90' lang='lat' dir='ltr'><strong>que</strong></span> <span class='ocrx_word' id='word_1_145' title='bbox 352 2103 401 2144; x_wconf 91' lang='lat' dir='ltr'><strong>me</strong></span> <span class='ocrx_word' id='word_1_146' title='bbox 424 2083 593 2148; x_wconf 88' lang='lat' dir='ltr'><strong>consuluit.</strong></span> <span class='ocrx_word' id='word_1_147' title='bbox 641 2084 680 2149; x_wconf 79' lang='lat' dir='ltr'><strong>iit</strong></span> <span class='ocrx_word' id='word_1_148' title='bbox 712 2085 824 2150; x_wconf 91' lang='lat' dir='ltr'><strong>deinde</strong></span> <span class='ocrx_word' id='word_1_149' title='bbox 846 2107 970 2171; x_wconf 86' lang='lat' dir='ltr'><strong>semper</strong></span> <span class='ocrx_word' id='word_1_150' title='bbox 998 2085 1045 2151; x_wconf 85' lang='lat' dir='ltr'><strong>lui</strong></span> <span class='ocrx_word' id='word_1_151' title='bbox 1069 2086 1242 2150; x_wconf 77' lang='lat' dir='ltr'><strong>tribulatus</strong></span> <span class='ocrx_word' id='word_1_152' title='bbox 1264 2086 1302 2150; x_wconf 87' lang='lat' dir='ltr'><strong>ad</strong></span> <span class='ocrx_word' id='word_1_153' title='bbox 1327 2087 1421 2150; x_wconf 87' lang='lat' dir='ltr'><strong>auxi·</strong></span> 
     </span>
    </p>
   </div>
   <div class='ocr_carea' id='block_1_4' title="bbox 266 2187 1424 2486">
    <p class='ocr_par' dir='ltr' id='par_1_4' title="bbox 266 2187 1424 2486">
     <span class='ocr_line' id='line_1_18' title="bbox 269 2187 1424 2276; baseline 0.005 -27"><span class='ocrx_word' id='word_1_154' title='bbox 269 2187 410 2251; x_wconf 86' lang='lat' dir='ltr'><strong>liaudunr</strong></span> <span class='ocrx_word' id='word_1_155' title='bbox 435 2189 575 2253; x_wconf 87' lang='lat' dir='ltr'><strong>exomni</strong></span> <span class='ocrx_word' id='word_1_156' title='bbox 592 2195 694 2272; x_wconf 89' lang='lat' dir='ltr'><strong>purte.</strong></span> <span class='ocrx_word' id='word_1_157' title='bbox 740 2189 782 2254; x_wconf 83' lang='lat' dir='ltr'><strong>Et</strong></span> <span class='ocrx_word' id='word_1_158' title='bbox 797 2192 925 2256; x_wconf 88' lang='lat' dir='ltr'><strong>tandem</strong></span> <span class='ocrx_word' id='word_1_159' title='bbox 942 2191 995 2256; x_wconf 87' lang='lat' dir='ltr'><strong>fur</strong></span> <span class='ocrx_word' id='word_1_160' title='bbox 1010 2193 1171 2257; x_wconf 85' lang='lat' dir='ltr'><strong>confessus</strong></span> <span class='ocrx_word' id='word_1_161' title='bbox 1193 2195 1250 2270; x_wconf 85' lang='lat' dir='ltr'><strong>est,</strong></span> <span class='ocrx_word' id='word_1_162' title='bbox 1274 2190 1330 2276; x_wconf 89' lang='lat' dir='ltr'><strong>qui</strong></span> <span class='ocrx_word' id='word_1_163' title='bbox 1354 2191 1424 2256; x_wconf 86' lang='lat' dir='ltr'><strong>fuit</strong></span> 
     </span>
     <span class='ocr_line' id='line_1_19' title="bbox 266 2291 1421 2385; baseline 0.005 -31"><span class='ocrx_word' id='word_1_164' title='bbox 266 2293 298 2355; x_wconf 91' lang='lat' dir='ltr'><strong>in</strong></span> <span class='ocrx_word' id='word_1_165' title='bbox 321 2291 457 2356; x_wconf 88' lang='lat' dir='ltr'><strong>vinculis</strong></span> <span class='ocrx_word' id='word_1_166' title='bbox 484 2297 571 2385; x_wconf 82' lang='lat' dir='ltr'><strong>¹circa</strong></span> <span class='ocrx_word' id='word_1_167' title='bbox 594 2293 841 2379; x_wconf 82' lang='lat' dir='ltr'><strong>Oampidinam¹</strong></span> <span class='ocrx_word' id='word_1_168' title='bbox 866 2301 897 2360; x_wconf 87' lang='lat' dir='ltr'><strong>et</strong></span> <span class='ocrx_word' id='word_1_169' title='bbox 930 2297 1107 2362; x_wconf 85' lang='lat' dir='ltr'><strong>nominavit</strong></span> <span class='ocrx_word' id='word_1_170' title='bbox 1130 2319 1225 2361; x_wconf 75' lang='lat' dir='ltr'><strong>urnam</strong></span> <span class='ocrx_word' id='word_1_171' title='bbox 1248 2317 1421 2380; x_wconf 87' lang='lat' dir='ltr'><strong>personam</strong></span> 
     </span>
     <span class='ocr_line' id='line_1_20' title="bbox 267 2397 1423 2486; baseline 0.004 -25"><span class='ocrx_word' id='word_1_172' title='bbox 267 2397 506 2483; x_wconf 81' lang='lat' dir='ltr'><strong>Heydelberge,</strong></span> <span class='ocrx_word' id='word_1_173' title='bbox 540 2403 622 2485; x_wconf 91' lang='lat' dir='ltr'><strong>apud</strong></span> <span class='ocrx_word' id='word_1_174' title='bbox 656 2423 750 2485; x_wconf 85' lang='lat' dir='ltr'><strong>quam</strong></span> <span class='ocrx_word' id='word_1_175' title='bbox 774 2402 946 2466; x_wconf 89' lang='lat' dir='ltr'><strong>dimisisset</strong></span> <span class='ocrx_word' id='word_1_176' title='bbox 969 2407 1091 2486; x_wconf 89' lang='lat' dir='ltr'><strong>partem</strong></span> <span class='ocrx_word' id='word_1_177' title='bbox 1115 2423 1240 2480; x_wconf 90' lang='lat' dir='ltr'><strong>rernm,</strong></span> <span class='ocrx_word' id='word_1_178' title='bbox 1268 2405 1301 2466; x_wconf 91' lang='lat' dir='ltr'><strong>et</strong></span> <span class='ocrx_word' id='word_1_179' title='bbox 1323 2401 1423 2486; x_wconf 86' lang='lat' dir='ltr'><strong>plura</strong></span> 
     </span>
    </p>
   </div>
   <div class='ocr_carea' id='block_1_5' title="bbox 268 2503 1528 2590">
    <p class='ocr_par' dir='ltr' id='par_1_5' title="bbox 268 2503 1528 2590">
     <span class='ocr_line' id='line_1_21' title="bbox 268 2503 1528 2590; baseline 0.005 -24"><span class='ocrx_word' id='word_1_180' title='bbox 268 2504 357 2587; x_wconf 80' lang='lat' dir='ltr'><strong>signs</strong></span> <span class='ocrx_word' id='word_1_181' title='bbox 381 2503 481 2580; x_wconf 89' lang='lat' dir='ltr'><strong>dixit,</strong></span> <span class='ocrx_word' id='word_1_182' title='bbox 505 2527 567 2590; x_wconf 88' lang='lat' dir='ltr'><strong>qus</strong></span> <span class='ocrx_word' id='word_1_183' title='bbox 590 2528 722 2588; x_wconf 90' lang='lat' dir='ltr'><strong>persone</strong></span> <span class='ocrx_word' id='word_1_184' title='bbox 745 2507 932 2585; x_wconf 79' lang='lat' dir='ltr'><strong>dimisisset,</strong></span> <span class='ocrx_word' id='word_1_185' title='bbox 965 2511 997 2570; x_wconf 91' lang='lat' dir='ltr'><strong>et</strong></span> <span class='ocrx_word' id='word_1_186' title='bbox 1020 2507 1088 2571; x_wconf 86' lang='lat' dir='ltr'><strong>sine</strong></span> <span class='ocrx_word' id='word_1_187' title='bbox 1111 2506 1178 2571; x_wconf 93' lang='lat' dir='ltr'><strong>illis</strong></span> <span class='ocrx_word' id='word_1_188' title='bbox 1201 2528 1263 2571; x_wconf 94' lang='lat' dir='ltr'><strong>uon</strong></span> <span class='ocrx_word' id='word_1_189' title='bbox 1287 2507 1424 2572; x_wconf 84' lang='lat' dir='ltr'><strong>deberet</strong></span> <span class='ocrx_word' id='word_1_190' title='bbox 1527 2557 1528 2562; x_wconf 23' lang='grc' dir='ltr'>ι</span> 
     </span>
    </p>
   </div>
   <div class='ocr_carea' id='block_1_6' title="bbox 265 2606 1423 3751">
    <p class='ocr_par' dir='ltr' id='par_1_6' title="bbox 265 2606 1423 3751">
     <span class='ocr_line' id='line_1_22' title="bbox 267 2606 1421 2696; baseline 0.006 -25"><span class='ocrx_word' id='word_1_191' title='bbox 267 2608 341 2671; x_wconf 89' lang='lat' dir='ltr'><strong>dare</strong></span> <span class='ocrx_word' id='word_1_192' title='bbox 365 2606 459 2672; x_wconf 82' lang='lat' dir='ltr'><strong>alicui</strong></span> <span class='ocrx_word' id='word_1_193' title='bbox 484 2613 542 2673; x_wconf 89' lang='lat' dir='ltr'><strong>etc.</strong></span> <span class='ocrx_word' id='word_1_194' title='bbox 589 2609 647 2675; x_wconf 87' lang='lat' dir='ltr'><strong>Sed</strong></span> <span class='ocrx_word' id='word_1_195' title='bbox 680 2631 814 2694; x_wconf 86' lang='lat' dir='ltr'><strong>persona</strong></span> <span class='ocrx_word' id='word_1_196' title='bbox 838 2612 968 2694; x_wconf 81' lang='lat' dir='ltr'><strong>negavit</strong></span> <span class='ocrx_word' id='word_1_197' title='bbox 990 2611 1134 2677; x_wconf 88' lang='lat' dir='ltr'><strong>absolute</strong></span> <span class='ocrx_word' id='word_1_198' title='bbox 1158 2617 1261 2677; x_wconf 89' lang='lat' dir='ltr'><strong>totum</strong></span> <span class='ocrx_word' id='word_1_199' title='bbox 1286 2613 1421 2696; x_wconf 90' lang='lat' dir='ltr'><strong>dempto</strong></span> 
     </span>
     <span class='ocr_line' id='line_1_23' title="bbox 268 2713 1420 2800; baseline 0.005 -24"><span class='ocrx_word' id='word_1_200' title='bbox 268 2733 329 2776; x_wconf 90' lang='lat' dir='ltr'><strong>uno</strong></span> <span class='ocrx_word' id='word_1_201' title='bbox 352 2713 488 2793; x_wconf 85' lang='lat' dir='ltr'><strong>annulo,</strong></span> <span class='ocrx_word' id='word_1_202' title='bbox 523 2737 617 2799; x_wconf 91' lang='lat' dir='ltr'><strong>quem</strong></span> <span class='ocrx_word' id='word_1_203' title='bbox 640 2716 786 2782; x_wconf 87' lang='lat' dir='ltr'><strong>dedisset.</strong></span> <span class='ocrx_word' id='word_1_204' title='bbox 834 2716 874 2780; x_wconf 80' lang='lat' dir='ltr'><strong>nt</strong></span> <span class='ocrx_word' id='word_1_205' title='bbox 906 2717 951 2781; x_wconf 91' lang='lat' dir='ltr'><strong>sic</strong></span> <span class='ocrx_word' id='word_1_206' title='bbox 984 2739 1107 2800; x_wconf 87' lang='lat' dir='ltr'><strong>semper</strong></span> <span class='ocrx_word' id='word_1_207' title='bbox 1130 2716 1305 2782; x_wconf 82' lang='lat' dir='ltr'><strong>tribulatus</strong></span> <span class='ocrx_word' id='word_1_208' title='bbox 1328 2740 1420 2782; x_wconf 89' lang='lat' dir='ltr'><strong>eram</strong></span> 
     </span>
     <span class='ocr_line' id='line_1_24' title="bbox 266 2821 1423 2907; baseline 0.003 -23"><span class='ocrx_word' id='word_1_209' title='bbox 266 2841 338 2884; x_wconf 91' lang='lat' dir='ltr'><strong>cum</strong></span> <span class='ocrx_word' id='word_1_210' title='bbox 362 2821 491 2903; x_wconf 85' lang='lat' dir='ltr'><strong>negotio</strong></span> <span class='ocrx_word' id='word_1_211' title='bbox 523 2821 562 2886; x_wconf 86' lang='lat' dir='ltr'><strong>ad</strong></span> <span class='ocrx_word' id='word_1_212' title='bbox 585 2821 784 2887; x_wconf 82' lang='lat' dir='ltr'><strong>liberandum</strong></span> <span class='ocrx_word' id='word_1_213' title='bbox 816 2825 918 2888; x_wconf 84' lang='lat' dir='ltr'><strong>iurem</strong></span> <span class='ocrx_word' id='word_1_214' title='bbox 943 2827 1076 2907; x_wconf 90' lang='lat' dir='ltr'><strong>propter</strong></span> <span class='ocrx_word' id='word_1_215' title='bbox 1106 2843 1195 2888; x_wconf 84' lang='lat' dir='ltr'><strong>ruam</strong></span> <span class='ocrx_word' id='word_1_216' title='bbox 1219 2822 1352 2906; x_wconf 90' lang='lat' dir='ltr'><strong>probam</strong></span> <span class='ocrx_word' id='word_1_217' title='bbox 1387 2827 1423 2887; x_wconf 89' lang='lat' dir='ltr'><strong>et</strong></span> 
     </span>
     <span class='ocr_line' id='line_1_25' title="bbox 267 2925 1420 3013; baseline 0.004 -25"><span class='ocrx_word' id='word_1_218' title='bbox 267 2925 431 2990; x_wconf 88' lang='lat' dir='ltr'><strong>honestam</strong></span> <span class='ocrx_word' id='word_1_219' title='bbox 457 2949 584 2993; x_wconf 83' lang='lat' dir='ltr'><strong>uxorem</strong></span> <span class='ocrx_word' id='word_1_220' title='bbox 613 2932 644 2993; x_wconf 93' lang='lat' dir='ltr'><strong>et</strong></span> <span class='ocrx_word' id='word_1_221' title='bbox 660 2929 767 3013; x_wconf 89' lang='lat' dir='ltr'><strong>plures</strong></span> <span class='ocrx_word' id='word_1_222' title='bbox 790 2928 874 2994; x_wconf 87' lang='lat' dir='ltr'><strong>filios</strong></span> <span class='ocrx_word' id='word_1_223' title='bbox 898 2933 929 2992; x_wconf 92' lang='lat' dir='ltr'><strong>et</strong></span> <span class='ocrx_word' id='word_1_224' title='bbox 952 2928 1046 3008; x_wconf 86' lang='lat' dir='ltr'><strong>filias,</strong></span> <span class='ocrx_word' id='word_1_225' title='bbox 1068 2927 1248 2992; x_wconf 88' lang='lat' dir='ltr'><strong>sacerdotes</strong></span> <span class='ocrx_word' id='word_1_226' title='bbox 1269 2931 1303 2992; x_wconf 91' lang='lat' dir='ltr'><strong>et</strong></span> <span class='ocrx_word' id='word_1_227' title='bbox 1325 2927 1420 2994; x_wconf 88' lang='lat' dir='ltr'><strong>alios.</strong></span> 
     </span>
     <span class='ocr_line' id='line_1_26' title="bbox 266 3030 1422 3118; baseline 0.003 -24"><span class='ocrx_word' id='word_1_228' title='bbox 266 3030 307 3094; x_wconf 88' lang='lat' dir='ltr'><strong>Et</strong></span> <span class='ocrx_word' id='word_1_229' title='bbox 329 3031 367 3096; x_wconf 85' lang='lat' dir='ltr'><strong>sd</strong></span> <span class='ocrx_word' id='word_1_230' title='bbox 384 3034 606 3098; x_wconf 87' lang='lat' dir='ltr'><strong>consolandum</strong></span> <span class='ocrx_word' id='word_1_231' title='bbox 624 3033 776 3117; x_wconf 90' lang='lat' dir='ltr'><strong>spoliatos</strong></span> <span class='ocrx_word' id='word_1_232' title='bbox 798 3040 831 3099; x_wconf 84' lang='lat' dir='ltr'><strong>et</strong></span> <span class='ocrx_word' id='word_1_233' title='bbox 851 3035 890 3098; x_wconf 89' lang='lat' dir='ltr'><strong>ad</strong></span> <span class='ocrx_word' id='word_1_234' title='bbox 907 3033 1137 3099; x_wconf 86' lang='lat' dir='ltr'><strong>exonerandam</strong></span> <span class='ocrx_word' id='word_1_235' title='bbox 1152 3055 1331 3118; x_wconf 86' lang='lat' dir='ltr'><strong>personum,</strong></span> <span class='ocrx_word' id='word_1_236' title='bbox 1354 3056 1422 3118; x_wconf 91' lang='lat' dir='ltr'><strong>que</strong></span> 
     </span>
     <span class='ocr_line' id='line_1_27' title="bbox 267 3137 1420 3224; baseline 0.005 -25"><span class='ocrx_word' id='word_1_237' title='bbox 267 3158 316 3199; x_wconf 89' lang='lat' dir='ltr'><strong>me</strong></span> <span class='ocrx_word' id='word_1_238' title='bbox 339 3137 515 3218; x_wconf 88' lang='lat' dir='ltr'><strong>consuluit,</strong></span> <span class='ocrx_word' id='word_1_239' title='bbox 547 3144 584 3203; x_wconf 92' lang='lat' dir='ltr'><strong>nt</strong></span> <span class='ocrx_word' id='word_1_240' title='bbox 612 3161 735 3224; x_wconf 87' lang='lat' dir='ltr'><strong>possem</strong></span> <span class='ocrx_word' id='word_1_241' title='bbox 760 3139 941 3218; x_wconf 89' lang='lat' dir='ltr'><strong>exonerari,</strong></span> <span class='ocrx_word' id='word_1_242' title='bbox 974 3139 1012 3203; x_wconf 92' lang='lat' dir='ltr'><strong>ad</strong></span> <span class='ocrx_word' id='word_1_243' title='bbox 1035 3139 1143 3202; x_wconf 91' lang='lat' dir='ltr'><strong>omnia</strong></span> <span class='ocrx_word' id='word_1_244' title='bbox 1166 3137 1223 3202; x_wconf 91' lang='lat' dir='ltr'><strong>illa</strong></span> <span class='ocrx_word' id='word_1_245' title='bbox 1247 3139 1420 3205; x_wconf 84' lang='lat' dir='ltr'><strong>tendebam</strong></span> 
     </span>
     <span class='ocr_line' id='line_1_28' title="bbox 266 3241 1128 3329; baseline 0.006 -25"><span class='ocrx_word' id='word_1_246' title='bbox 266 3241 496 3306; x_wconf 85' lang='lat' dir='ltr'><strong>studiosissime</strong></span> <span class='ocrx_word' id='word_1_247' title='bbox 520 3247 552 3306; x_wconf 90' lang='lat' dir='ltr'><strong>et</strong></span> <span class='ocrx_word' id='word_1_248' title='bbox 573 3244 619 3308; x_wconf 91' lang='lat' dir='ltr'><strong>sic</strong></span> <span class='ocrx_word' id='word_1_249' title='bbox 643 3245 784 3329; x_wconf 85' lang='lat' dir='ltr'><strong>quotidie</strong></span> <span class='ocrx_word' id='word_1_250' title='bbox 806 3246 943 3310; x_wconf 81' lang='lat' dir='ltr'><strong>vexabar</strong></span> <span class='ocrx_word' id='word_1_251' title='bbox 967 3267 986 3309; x_wconf 90' lang='lat' dir='ltr'><strong>a</strong></span> <span class='ocrx_word' id='word_1_252' title='bbox 1008 3243 1128 3309; x_wconf 88' lang='lat' dir='ltr'><strong>multis.</strong></span> 
     </span>
     <span class='ocr_line' id='line_1_29' title="bbox 355 3345 1421 3434; baseline 0.005 -24"><span class='ocrx_word' id='word_1_253' title='bbox 355 3345 644 3433; x_wconf 79' lang='lat' dir='ltr'><strong>Appropinquante</strong></span> <span class='ocrx_word' id='word_1_254' title='bbox 667 3355 773 3413; x_wconf 86' lang='lat' dir='ltr'><strong>sutem</strong></span> <span class='ocrx_word' id='word_1_255' title='bbox 797 3355 940 3434; x_wconf 76' lang='lat' dir='ltr'><strong>tempere</strong></span> <span class='ocrx_word' id='word_1_256' title='bbox 956 3348 1223 3434; x_wconf 77' lang='lat' dir='ltr'><strong>quadregesimali</strong></span> <span class='ocrx_word' id='word_1_257' title='bbox 1246 3371 1421 3416; x_wconf 84' lang='lat' dir='ltr'><strong>concurre-</strong></span> 
     </span>
     <span class='ocr_line' id='line_1_30' title="bbox 266 3451 1422 3536; baseline 0.005 -22"><span class='ocrx_word' id='word_1_258' title='bbox 266 3457 342 3516; x_wconf 91' lang='lat' dir='ltr'><strong>runt</strong></span> <span class='ocrx_word' id='word_1_259' title='bbox 360 3451 499 3536; x_wconf 90' lang='lat' dir='ltr'><strong>undique</strong></span> <span class='ocrx_word' id='word_1_260' title='bbox 515 3454 700 3518; x_wconf 87' lang='lat' dir='ltr'><strong>confitentes</strong></span> <span class='ocrx_word' id='word_1_261' title='bbox 724 3458 757 3518; x_wconf 89' lang='lat' dir='ltr'><strong>et</strong></span> <span class='ocrx_word' id='word_1_262' title='bbox 771 3455 849 3518; x_wconf 87' lang='lat' dir='ltr'><strong>satis</strong></span> <span class='ocrx_word' id='word_1_263' title='bbox 871 3455 963 3520; x_wconf 89' lang='lat' dir='ltr'><strong>multi</strong></span> <span class='ocrx_word' id='word_1_264' title='bbox 986 3455 1025 3519; x_wconf 90' lang='lat' dir='ltr'><strong>de</strong></span> <span class='ocrx_word' id='word_1_265' title='bbox 1041 3455 1269 3520; x_wconf 86' lang='lat' dir='ltr'><strong>mercatoribus</strong></span> <span class='ocrx_word' id='word_1_266' title='bbox 1285 3460 1318 3520; x_wconf 90' lang='lat' dir='ltr'><strong>ct</strong></span> <span class='ocrx_word' id='word_1_267' title='bbox 1333 3455 1422 3536; x_wconf 86' lang='lat' dir='ltr'><strong>aliis,</strong></span> 
     </span>
     <span class='ocr_line' id='line_1_31' title="bbox 266 3557 1420 3644; baseline 0.005 -24"><span class='ocrx_word' id='word_1_268' title='bbox 266 3557 381 3641; x_wconf 89' lang='lat' dir='ltr'><strong>quibus</strong></span> <span class='ocrx_word' id='word_1_269' title='bbox 403 3559 549 3623; x_wconf 88' lang='lat' dir='ltr'><strong>omnibus</strong></span> <span class='ocrx_word' id='word_1_270' title='bbox 572 3561 685 3644; x_wconf 88' lang='lat' dir='ltr'><strong>prebui</strong></span> <span class='ocrx_word' id='word_1_271' title='bbox 708 3560 852 3624; x_wconf 88' lang='lat' dir='ltr'><strong>auditum</strong></span> <span class='ocrx_word' id='word_1_272' title='bbox 878 3560 1058 3644; x_wconf 84' lang='lat' dir='ltr'><strong>diligenter,</strong></span> <span class='ocrx_word' id='word_1_273' title='bbox 1083 3560 1159 3626; x_wconf 89' lang='lat' dir='ltr'><strong>licet</strong></span> <span class='ocrx_word' id='word_1_274' title='bbox 1183 3561 1267 3626; x_wconf 87' lang='lat' dir='ltr'><strong>forte</strong></span> <span class='ocrx_word' id='word_1_275' title='bbox 1288 3561 1420 3626; x_wconf 83' lang='lat' dir='ltr'><strong>insuffi-</strong></span> 
     </span>
     <span class='ocr_line' id='line_1_32' title="bbox 265 3663 1421 3751; baseline 0.005 -25"><span class='ocrx_word' id='word_1_276' title='bbox 265 3663 387 3728; x_wconf 89' lang='lat' dir='ltr'><strong>cienter</strong></span> <span class='ocrx_word' id='word_1_277' title='bbox 403 3665 556 3748; x_wconf 81' lang='lat' dir='ltr'><strong>expedivi.</strong></span> <span class='ocrx_word' id='word_1_278' title='bbox 583 3665 624 3731; x_wconf 82' lang='lat' dir='ltr'><strong>Et</strong></span> <span class='ocrx_word' id='word_1_279' title='bbox 640 3667 724 3751; x_wconf 91' lang='lat' dir='ltr'><strong>quod</strong></span> <span class='ocrx_word' id='word_1_280' title='bbox 740 3665 895 3732; x_wconf 85' lang='lat' dir='ltr'><strong>declinavi</strong></span> <span class='ocrx_word' id='word_1_281' title='bbox 912 3665 945 3729; x_wconf 93' lang='lat' dir='ltr'><strong>in</strong></span> <span class='ocrx_word' id='word_1_282' title='bbox 961 3664 1125 3749; x_wconf 83' lang='lat' dir='ltr'><strong>provincio</strong></span> <span class='ocrx_word' id='word_1_283' title='bbox 1140 3665 1280 3750; x_wconf 86' lang='lat' dir='ltr'><strong>propria,</strong></span> <span class='ocrx_word' id='word_1_284' title='bbox 1294 3689 1421 3751; x_wconf 89' lang='lat' dir='ltr'><strong>oppor-</strong></span> 
     </span>
    </p>
   </div>
   <div class='ocr_carea' id='block_1_7' title="bbox 264 3815 1423 4138">
    <p class='ocr_par' dir='ltr' id='par_1_7' title="bbox 264 3815 1423 4138">
     <span class='ocr_line' id='line_1_33' title="bbox 831 3815 847 3846; baseline 0 0"><span class='ocrx_word' id='word_1_285' title='bbox 831 3815 847 3846; x_wconf 59' lang='grc' dir='ltr'><strong>ἱ·</strong></span> 
     </span>
     <span class='ocr_line' id='line_1_34' title="bbox 266 3847 1422 3962; baseline 0.006 -20"><span class='ocrx_word' id='word_1_286' title='bbox 266 3847 498 3945; x_wconf 72' lang='lat' dir='ltr'><strong>nstee’warener</strong></span> <span class='ocrx_word' id='word_1_287' title='bbox 517 3890 703 3960; x_wconf 70' lang='lat' dir='ltr'><strong>unsesrngus</strong></span> <span class='ocrx_word' id='word_1_288' title='bbox 722 3891 942 3961; x_wconf 67' lang='lat' dir='ltr'><strong>eurenwergen</strong></span> <span class='ocrx_word' id='word_1_289' title='bbox 959 3909 992 3947; x_wconf 70' lang='lat' dir='ltr'><strong>eu</strong></span> <span class='ocrx_word' id='word_1_290' title='bbox 1011 3891 1184 3948; x_wconf 69' lang='lat' dir='ltr'><strong>messenen</strong></span> <span class='ocrx_word' id='word_1_291' title='bbox 1204 3891 1318 3962; x_wconf 67' lang='lat' dir='ltr'><strong>gesem</strong></span> <span class='ocrx_word' id='word_1_292' title='bbox 1357 3895 1422 3949; x_wconf 72' lang='lat' dir='ltr'><strong>sue</strong></span> 
     </span>
     <span class='ocr_line' id='line_1_35' title="bbox 264 3976 1423 4049; baseline 0.007 -19"><span class='ocrx_word' id='word_1_293' title='bbox 264 3976 313 4032; x_wconf 86' lang='lat' dir='ltr'><strong>der</strong></span> <span class='ocrx_word' id='word_1_294' title='bbox 331 3993 441 4046; x_wconf 79' lang='lat' dir='ltr'><strong>genuen</strong></span> <span class='ocrx_word' id='word_1_295' title='bbox 460 3977 658 4049; x_wconf 81' lang='lat' dir='ltr'><strong>rerhsndluug</strong></span> <span class='ocrx_word' id='word_1_296' title='bbox 676 3980 746 4049; x_wconf 78' lang='lat' dir='ltr'><strong>geht</strong></span> <span class='ocrx_word' id='word_1_297' title='bbox 763 3979 879 4043; x_wconf 88' lang='lat' dir='ltr'><strong>herror,</strong></span> <span class='ocrx_word' id='word_1_298' title='bbox 904 3980 962 4034; x_wconf 90' lang='lat' dir='ltr'><strong>und</strong></span> <span class='ocrx_word' id='word_1_299' title='bbox 981 3979 1113 4036; x_wconf 87' lang='lat' dir='ltr'><strong>Waltlrer</strong></span> <span class='ocrx_word' id='word_1_300' title='bbox 1132 3979 1225 4035; x_wconf 80' lang='lat' dir='ltr'><strong>achion</strong></span> <span class='ocrx_word' id='word_1_301' title='bbox 1249 3979 1308 4035; x_wconf 87' lang='lat' dir='ltr'><strong>dies</strong></span> <span class='ocrx_word' id='word_1_302' title='bbox 1326 3979 1423 4038; x_wconf 86' lang='lat' dir='ltr'><strong>solort</strong></span> 
     </span>
     <span class='ocr_line' id='line_1_36' title="bbox 265 4065 1423 4138; baseline 0.004 -18"><span class='ocrx_word' id='word_1_303' title='bbox 265 4065 393 4120; x_wconf 83' lang='lat' dir='ltr'><strong>bemerlxt</strong></span> <span class='ocrx_word' id='word_1_304' title='bbox 412 4083 445 4120; x_wconf 81' lang='lat' dir='ltr'><strong>zu</strong></span> <span class='ocrx_word' id='word_1_305' title='bbox 470 4066 570 4128; x_wconf 81' lang='lat' dir='ltr'><strong>haben,</strong></span> <span class='ocrx_word' id='word_1_306' title='bbox 601 4065 666 4119; x_wconf 88' lang='lat' dir='ltr'><strong>dass</strong></span> <span class='ocrx_word' id='word_1_307' title='bbox 684 4082 712 4121; x_wconf 89' lang='lat' dir='ltr'><strong>es</strong></span> <span class='ocrx_word' id='word_1_308' title='bbox 731 4066 780 4121; x_wconf 89' lang='lat' dir='ltr'><strong>der</strong></span> <span class='ocrx_word' id='word_1_309' title='bbox 798 4067 991 4122; x_wconf 82' lang='lat' dir='ltr'><strong>betreffeudeu</strong></span> <span class='ocrx_word' id='word_1_310' title='bbox 1009 4085 1116 4138; x_wconf 87' lang='lat' dir='ltr'><strong>person,</strong></span> <span class='ocrx_word' id='word_1_311' title='bbox 1146 4067 1191 4122; x_wconf 92' lang='lat' dir='ltr'><strong>die</strong></span> <span class='ocrx_word' id='word_1_312' title='bbox 1209 4065 1335 4123; x_wconf 84' lang='lat' dir='ltr'><strong>offcubar</strong></span> <span class='ocrx_word' id='word_1_313' title='bbox 1353 4068 1423 4125; x_wconf 84' lang='lat' dir='ltr'><strong>ciue</strong></span> 
     </span>
    </p>
   </div>
   <div class='ocr_carea' id='block_1_8' title="bbox 264 4153 1420 4400">
    <p class='ocr_par' dir='ltr' id='par_1_8' title="bbox 264 4153 1420 4400">
     <span class='ocr_line' id='line_1_37' title="bbox 264 4153 1420 4223; baseline 0.003 -16"><span class='ocrx_word' id='word_1_314' title='bbox 264 4153 402 4209; x_wconf 87' lang='lat' dir='ltr'><strong>Deutsche</strong></span> <span class='ocrx_word' id='word_1_315' title='bbox 429 4171 500 4216; x_wconf 83' lang='lat' dir='ltr'><strong>war,</strong></span> <span class='ocrx_word' id='word_1_316' title='bbox 529 4153 607 4208; x_wconf 91' lang='lat' dir='ltr'><strong>nicht</strong></span> <span class='ocrx_word' id='word_1_317' title='bbox 634 4171 681 4208; x_wconf 91' lang='lat' dir='ltr'><strong>nm</strong></span> <span class='ocrx_word' id='word_1_318' title='bbox 708 4153 759 4208; x_wconf 79' lang='lat' dir='ltr'><strong>das</strong></span> <span class='ocrx_word' id='word_1_319' title='bbox 777 4154 945 4210; x_wconf 83' lang='lat' dir='ltr'><strong>bclrcnntnis</strong></span> <span class='ocrx_word' id='word_1_320' title='bbox 972 4155 1048 4210; x_wconf 88' lang='lat' dir='ltr'><strong>ihrer</strong></span> <span class='ocrx_word' id='word_1_321' title='bbox 1067 4154 1174 4209; x_wconf 83' lang='lat' dir='ltr'><strong>aduden</strong></span> <span class='ocrx_word' id='word_1_322' title='bbox 1201 4171 1234 4207; x_wconf 83' lang='lat' dir='ltr'><strong>ru</strong></span> <span class='ocrx_word' id='word_1_323' title='bbox 1254 4155 1328 4209; x_wconf 90' lang='lat' dir='ltr'><strong>thnn</strong></span> <span class='ocrx_word' id='word_1_324' title='bbox 1347 4173 1420 4223; x_wconf 85' lang='lat' dir='ltr'><strong>war,</strong></span> 
     </span>
     <span class='ocr_line' id='line_1_38' title="bbox 264 4241 1417 4315; baseline 0.002 -17"><span class='ocrx_word' id='word_1_325' title='bbox 264 4243 384 4298; x_wconf 84' lang='lat' dir='ltr'><strong>soudern</strong></span> <span class='ocrx_word' id='word_1_326' title='bbox 402 4243 441 4298; x_wconf 88' lang='lat' dir='ltr'><strong>sie</strong></span> <span class='ocrx_word' id='word_1_327' title='bbox 459 4241 516 4297; x_wconf 88' lang='lat' dir='ltr'><strong>sich</strong></span> <span class='ocrx_word' id='word_1_328' title='bbox 534 4241 563 4296; x_wconf 88' lang='lat' dir='ltr'><strong>iu</strong></span> <span class='ocrx_word' id='word_1_329' title='bbox 582 4241 660 4296; x_wconf 90' lang='lat' dir='ltr'><strong>einer</strong></span> <span class='ocrx_word' id='word_1_330' title='bbox 678 4241 829 4312; x_wconf 79' lang='lat' dir='ltr'><strong>wichtigeu</strong></span> <span class='ocrx_word' id='word_1_331' title='bbox 851 4242 1067 4315; x_wconf 78' lang='lat' dir='ltr'><strong>augelegenlreit</strong></span> <span class='ocrx_word' id='word_1_332' title='bbox 1086 4241 1130 4298; x_wconf 90' lang='lat' dir='ltr'><strong>bei</strong></span> <span class='ocrx_word' id='word_1_333' title='bbox 1147 4241 1236 4298; x_wconf 84' lang='lat' dir='ltr'><strong>ciuem</strong></span> <span class='ocrx_word' id='word_1_334' title='bbox 1257 4242 1417 4300; x_wconf 83' lang='lat' dir='ltr'><strong>deutschen</strong></span> 
     </span>
     <span class='ocr_line' id='line_1_39' title="bbox 264 4329 1126 4400; baseline 0.003 -17"><span class='ocrx_word' id='word_1_335' title='bbox 264 4330 383 4400; x_wconf 86' lang='lat' dir='ltr'><strong>priestsr</strong></span> <span class='ocrx_word' id='word_1_336' title='bbox 402 4333 449 4385; x_wconf 77' lang='lat' dir='ltr'><strong>rat</strong></span> <span class='ocrx_word' id='word_1_337' title='bbox 466 4329 580 4385; x_wconf 86' lang='lat' dir='ltr'><strong>erboleu</strong></span> <span class='ocrx_word' id='word_1_338' title='bbox 598 4329 702 4385; x_wconf 82' lang='lat' dir='ltr'><strong>wollte.</strong></span> <span class='ocrx_word' id='word_1_339' title='bbox 1121 4339 1126 4350; x_wconf 91' lang='grc'><em>“</em></span> 
     </span>
    </p>
   </div>
   <div class='ocr_carea' id='block_1_9' title="bbox 336 4415 857 4490">
    <p class='ocr_par' dir='ltr' id='par_1_9' title="bbox 336 4415 857 4490">
     <span class='ocr_line' id='line_1_40' title="bbox 336 4415 857 4490; baseline 0.012 -20"><span class='ocrx_word' id='word_1_340' title='bbox 336 4416 349 4469; x_wconf 94' lang='grc'>1</span> <span class='ocrx_word' id='word_1_341' title='bbox 370 4417 384 4471; x_wconf 73' lang='lat' dir='ltr'><strong>i</strong></span> <span class='ocrx_word' id='word_1_342' title='bbox 490 4419 506 4471; x_wconf 84' lang='lat'>2</span> <span class='ocrx_word' id='word_1_343' title='bbox 526 4417 605 4472; x_wconf 81' lang='lat' dir='ltr'><strong>Etwa</strong></span> <span class='ocrx_word' id='word_1_344' title='bbox 623 4415 857 4490; x_wconf 79' lang='lat' dir='ltr'><strong>Gampodnnum&#39;l</strong></span> 
     </span>
    </p>
   </div>
   <div class='ocr_carea' id='block_1_10' title="bbox 0 0 1536 4938">
    <p class='ocr_par' dir='ltr' id='par_1_10' title="bbox 0 0 1536 4938">
     <span class='ocr_line' id='line_1_41' title="bbox 0 0 1536 4938; baseline 0 0"><span class='ocrx_word' id='word_1_345' title='bbox 0 0 1536 4938; x_wconf 95' lang='lat' dir='ltr'><strong> </strong></span> 
     </span>
    </p>
   </div>
  </div>
 </body>
</html>
