3054 4944
813 341 879 412 254

268 519 299 604 [7
317 513 404 606 Dea]
428 541 522 585 mane
538 518 731 584 surreximus
754 521 787 584 in
804 543 919 586 aurora
942 527 974 587 et
989 525 1208 610 navigavimus
1231 531 1321 592 extra
1344 547 1421 612 por·

266 631 346 706 tum,
370 629 402 688 et
419 625 551 689 fecimus
567 625 629 688 iter
649 625 729 689 bene
744 627 861 712 viginti
877 628 1071 710 miliarium
1096 632 1211 696 iterum
1228 633 1317 696 venit
1340 639 1423 696 tem-

266 737 372 815 pestas
383 730 497 810 valida,
515 733 547 794 et
563 751 601 793 ex
616 732 806 794 necessitate
821 733 976 816 compulsi
988 735 1041 798 vix
1056 741 1239 819 poteramus
1255 743 1424 802 retornare

266 857 368 920 usque
392 837 429 899 ad
453 836 574 914 locum,
597 835 652 898 ubi
676 835 830 899 exivimus
854 860 945 901 mane
961 837 980 903 ¹.
1028 839 1108 904 Item
1133 841 1166 905 in
1189 842 1239 906 die
1262 843 1425 906 dominica

267 941 404 1005 secunda
428 941 591 1004 Adventus
614 939 699 1003 cirea
721 962 867 1023 vesperas
892 943 977 1006 venit
1009 967 1071 1008 una
1100 967 1199 1028 parva
1232 948 1326 1010 barca
1350 968 1424 1010 cum

267 1045 371 1110 tribus
393 1045 481 1109 viris.
528 1043 583 1107 Hii
607 1043 834 1127 prendiderant
858 1053 1034 1112 monstrum
1060 1051 1228 1130 marinum,
1251 1052 1341 1114 euius
1364 1073 1424 1115 no-

253 1159 340 1214 men
369 1155 417 1214 eat
447 1149 512 1214 feta
535 1149 693 1212 marinum
706 1146 729 1213 ².
775 1148 897 1215 Habuit
929 1153 1073 1236 predicta
1107 1156 1207 1220 bestia
1241 1155 1307 1219 sive
1330 1177 1424 1219 mon-

269 1260 370 1319 strum
395 1255 550 1318 marinum
583 1259 679 1338 capnt
709 1261 745 1318 ut
767 1257 887 1320 vitulus
919 1259 987 1323 sine
1009 1261 1148 1344 squamis
1179 1269 1211 1325 et
1244 1261 1312 1324 sino
1346 1261 1424 1344 pilis

267 1363 350 1426 sicut
381 1364 477 1443 caput
511 1360 676 1438 salmonis,
718 1361 833 1424 collum
870 1364 977 1440 breve,
1018 1363 1123 1429 forma
1160 1365 1301 1448 corporis
1337 1366 1423 1429 siout

269 1465 411 1530 sacculus
434 1465 546 1548 plenus
569 1487 652 1550 aqua
674 1466 741 1528 sine
765 1471 808 1548 [p.
839 1469 915 1552 117]
941 1469 1032 1534 dorso
1055 1476 1087 1534 et
1110 1472 1178 1535 sine
1203 1469 1309 1549 costis,
1342 1469 1421 1534 duas

268 1571 371 1636 solum
388 1570 501 1635 habuit
515 1571 671 1654 palmulas
694 1573 784 1635 iuxta
807 1573 934 1651 collum,
958 1575 990 1637 in
1014 1577 1129 1660 quibus
1154 1575 1269 1639 babuit
1291 1597 1424 1660 nngwes

268 1676 377 1760 plures
404 1675 611 1739 acutissimas.
660 1673 756 1737 Pellis
790 1676 855 1739 eius
888 1679 992 1761 griseo
1027 1679 1131 1742 colore
1166 1684 1203 1742 ut
1230 1679 1326 1757 cinis,
1365 1680 1424 1762 pili

269 1784 335 1846 eius
362 1780 578 1857 subtilissimi,
602 1781 701 1844 cauda
728 1780 794 1843 eius
821 1782 939 1865 absque
965 1783 1105 1866 squamis
1128 1789 1160 1847 et
1193 1785 1343 1867 pennulis
1368 1787 1423 1850 sed

269 1885 477 1972 quadruplex.
540 1883 657 1948 Carnes
700 1885 766 1948 eius
808 1907 871 1950 non
913 1888 1122 1951 comeduntur
1153 1894 1286 1972 propter
1320 1891 1422 1972 pessi-

269 2015 356 2056 mum
381 1991 531 2070 fetorem,
565 1990 660 2074 pellis
684 1992 750 2053 eius
773 2011 844 2054 cum
866 1992 1007 2054 crinibus
1030 1993 1096 2056 sola
1123 1992 1209 2056 valet
1231 2014 1290 2076 pro
1322 1995 1422 2058 eoric.

270 2095 353 2160 Item
376 2095 630 2172 secundatione,
665 2094 696 2156 in
723 2095 772 2158 dia
796 2093 1018 2178 Conceptionis
1042 2093 1142 2161 Maria
1180 2096 1213 2181 [8
1241 2095 1341 2185 Dez.]‚
1368 2121 1425 2182 pa·

269 2209 381 2265 tronus
417 2200 559 2284 rogavit,
591 2203 628 2262 ut
657 2199 775 2283 singuli
802 2206 1009 2279 mercatores,
1043 2203 1204 2285 peregrini
1237 2209 1269 2267 et
1302 2203 1427 2286 galiota

269 2305 486 2390 unusquisque
526 2304 681 2388 reciperat
714 2326 809 2368 unam
847 2305 991 2384 missam,
1026 2327 1121 2390 quam
1161 2307 1328 2390 disponere
1367 2333 1428 2394 per

268 2412 463 2475 sacerdotem
488 2409 604 2486 vellet,
633 2415 666 2472 et
695 2410 875 2473 distributis
902 2411 1004 2474 missis
1033 2412 1204 2475 secundum
1231 2413 1388 2478 letaniam
1402 2413 1425 2494 ¹,

270 2522 307 2578 ut
330 2515 475 2579 dominus
498 2514 596 2579 vellet
619 2537 676 2598 per
699 2515 955 2579 intercessionem
979 2523 1161 2581 sanctorum
1192 2519 1283 2581 nobis
1306 2541 1424 2602 prepa-

270 2642 342 2684 rare
364 2619 611 2703 prosperitatem
626 2625 751 2698 ventae,
776 2627 806 2682 et
830 2621 1001 2704 assumptis
1024 2623 1126 2685 missis
1143 2623 1363 2706 navigavimus
1388 2625 1422 2688 in

270 2725 398 2790 nomine
422 2725 541 2788 domini
565 2726 665 2787 nostri
689 2723 784 2788 Ibesu
809 2723 928 2788 Christi
942 2725 964 2788 ⁴.
1013 2725 1092 2789 ltem
1122 2726 1204 2790 feria
1227 2727 1325 2791 tertia
1347 2735 1423 2812 post

272 2830 461 2895 dominicam
495 2831 663 2893 secundam
689 2830 852 2894 Adventus
876 2828 911 2916 [9
938 2830 1025 2913 Dea]
1060 2851 1131 2894 cum
1156 2853 1271 2914 magno
1304 2835 1336 2896 et
1360 2833 1422 2897 im·

829 2955 847 2988 a

273 3021 318 3076 die
336 3020 416 3077 flotte
434 3017 591 3075 bedenteud
606 3021 744 3074 zeratreut
762 3019 862 3082 haben,
881 3018 955 3072 deun
967 3017 1064 3072 l'abris
1083 3018 1268 3074 schill'wurde
1286 3038 1361 3090 ganz
1380 3041 1427 3076 au-

269 3107 482 3176 rficlxgetrieben
510 3107 569 3160 und
598 3106 663 3160 kam
692 3124 738 3160 am
758 3106 849 3160 abend
868 3106 955 3160 dieses
977 3108 1058 3174 tages
1076 3105 1177 3160 wieder
1205 3107 1233 3160 in
1263 3106 1317 3162 den
1338 3109 1425 3164 halen

272 3213 326 3251 von
346 3195 421 3250 Milo.
458 3193 540 3250 Fabri
559 3193 608 3257 ΙΙΙ,
627 3194 679 3248 325
698 3193 717 3247 f.
737 3191 794 3246 und
812 3192 887 3246 aeine
905 3209 1039 3261 genossen
1064 3192 1223 3247 sti-chteten
1241 3193 1345 3250 beraita
1370 3197 1426 3252 den

269 3283 369 3337 winter
388 3283 448 3336 hier
467 3281 621 3350 zahringen
641 3299 675 3332 au
693 3285 812 3334 mtissen.

342 3369 459 3424 lFabri
477 3369 525 3434 111,
545 3369 598 3423 326
617 3367 645 3422 ff.
667 3368 782 3422 brachte
810 3368 863 3422 den
888 3368 1042 3438 vormittag
1069 3369 1117 3422 das
1137 3369 1152 3422 7
1171 3367 1241 3425 Nov.
1269 3369 1308 3423 im
1337 3371 1423 3427 buten

271 3476 325 3514 von
344 3457 411 3513 Milo
430 3475 478 3522 ιιι,
497 3473 587 3526 gegen
606 3456 698 3510 abead
717 3457 782 3510 lrarn
797 3457 945 3525 gtinstiger
958 3456 1041 3522 wind,
1060 3456 1167 3511 dorsis
1185 3474 1276 3527 gagen
1295 3457 1347 3513 das
1361 3477 1424 3516 ror-

270 3546 386 3616 gebirge
405 3546 499 3600 Malea
520 3545 603 3600 trieb.
675 3545 794 3600 2W0h1
812 3543 952 3598 identisch
971 3544 1024 3597 mit
1043 3543 1097 3597 den
1121 3544 1234 3598 rfclohk
1254 3545 1353 3600 Febris
1374 3547 1422 3612 ΙΙΙ,

271 3635 330 3696 291,
350 3650 405 3688 von
424 3632 514 3687 denen
533 3651 563 3687 er
582 3635 661 3702 sagt:
682 3635 763 3685 »sunt
782 3631 865 3684 rituli
886 3632 1014 3685 marini«.
1053 3633 1087 3684 Es
1105 3631 1143 3684 ist
1161 3631 1210 3686 der
1230 3632 1340 3688 Manati
1359 3635 1427 3690 oder

270 3720 438 3782 Lamentis.
467 3721 540 3775 auch
566 3721 668 3774 seekuh
696 3719 751 3772 und
772 3718 930 3788 seajungl'cr
949 3721 1084 3787 genennt.
1122 3719 1186 3789 Vgl.
1205 3719 1274 3776 Lud.
1293 3739 1320 3774 v.
1340 3719 1426 3774 Sudh.

272 3809 304 3862 12
322 3806 351 3864 ff.
371 3807 496 3862 Wanuer
514 3807 571 3860 119.
678 3809 694 3861 3
713 3805 746 3859 D.
760 3805 786 3858 b.
797 3804 878 3874 jeder
890 3805 1015 3859 reisende
1033 3805 1117 3860 sollte
1135 3806 1208 3860 nach
1226 3807 1318 3862 seiner
1337 3809 1424 3862 heim·

270 3895 339 3949 lrehr
360 3911 415 3950 von
434 3894 524 3948 ciuem
545 3892 664 3962 priester
691 3891 752 3946 eine
777 3908 865 3946 messe
884 3891 960 3946 lesen
988 3892 1081 3946 lamen
1109 3911 1142 3946 zu
1161 3893 1246 3948 ahten
1276 3894 1351 3968 eines
1370 3913 1425 3951 von

267 3981 351 4051 jenen
366 3981 496 4051 heiligen,
516 3980 601 4034 deren
614 3995 716 4033 namen
731 3979 790 4031 sich
810 3977 840 4031 in
858 3979 907 4032 der
920 3979 1019 4034 litauei
1035 3997 1087 4035 von
1102 3980 1177 4036 allen
1192 3981 1316 4052 heilig'en
1329 3983 1424 4038 findet
1503 3969 1512 3984 ⁸

271 4071 420 4142 Derartiga
438 4069 594 4140 geltbnisse
610 4085 704 4123 waren
723 4068 787 4123 sehr
807 4068 903 4136 htufig
922 4068 978 4120 und
996 4069 1099 4123 kamen
1118 4069 1169 4122 auf
1185 4071 1249 4124 dem
1263 4070 1423 4125 n'amlichen

271 4161 366 4214 sobiffe
384 4161 479 4229 apator
497 4157 628 4214 noohmal
649 4173 704 4212 vor.
731 4155 798 4224 Vgl.
818 4155 902 4211 soar.
925 4155 953 4211 1).
974 4156 1042 4226 pilg.
1062 4158 1097 4210 57
1116 4175 1191 4210 anm.
1214 4161 1273 4214 156.
1345 4161 1424 4212 lrln

270 4247 373 4301 diesem
392 4250 460 4316 tage
479 4247 582 4301 kamen
600 4245 640 4300 sie
660 4243 801 4315 glfiolxlich
820 4261 857 4298 an
876 4243 940 4297 dem
963 4245 1158 4313 geldrchteten
1176 4245 1232 4314 lrap
1253 4246 1348 4300 Malea
1366 4263 1425 4302 vor·

272 4335 345 4399 fiber,
366 4335 482 4389 welches
502 4334 623 4404 ereignia
642 4333 686 4388 die
706 4331 798 4402 pilger
817 4331 874 4386 und
888 4330 1029 4386 lraufieute
1047 4333 1131 4389 sovrie
1150 4333 1196 4388 die
1211 4337 1354 4390 matrosen
1373 4333 1425 4388 mit

272 4424 455 4494 ungemeiner
463 4423 562 4480 frendo
574 4423 628 4478 und
639 4423 745 4478 lautam
753 4421 835 4494 jubel
845 4421 973 4476 feierten.
985 4421 1070 4476 Fabri
1079 4422 1127 4486 ΙΙΙ,
1138 4421 1198 4478 329.
1212 4421 1360 4478 Brcidenb.
1370 4422 1424 4478 113.
