3054 4942
635 371 698 437 229

90 545 225 610 multum
250 548 400 631 pretiose.
448 547 488 611 Et
510 549 542 611 in
561 547 705 632 qualibet
728 554 817 614 turre
833 554 976 635 tempore
998 551 1110 617 ieiunii
1133 574 1240 617 eorum

90 653 122 715 in
144 653 330 718 summitate
352 652 492 718 turrium
515 675 572 737 per
595 654 764 719 circuitum
788 662 952 739 ponuntur
979 656 1080 720 multe
1104 656 1240 740 ampule,

90 762 121 820 et
142 757 176 821 in
193 760 286 822 noete
303 777 411 820 omnes
427 758 651 837 accenduntur,
674 759 707 822 in
723 760 886 824 nonnullis
902 761 974 844 plus
991 783 1085 845 quam
1102 761 1240 850 triginta

88 861 174 926 etin
198 861 362 926 nonnullis
386 862 503 942 minus,
536 884 615 948 quos
647 884 705 948 ago
727 865 793 929 vidi
823 869 855 930 et
878 867 1051 933 numeravi.
1100 865 1142 930 Et
1164 867 1236 951 quis

88 974 194 1050 posset
216 968 296 1033 tales
319 969 463 1053 ampulas
486 992 595 1035 omnes
618 975 807 1036 numerare?
853 972 895 1036 Et
917 974 950 1036 in
973 971 1111 1055 singulis
1134 973 1237 1036 nocti·

88 1073 145 1136 bue
168 1075 202 1137 in
225 1073 369 1162 qualibet
392 1078 480 1138 turre
503 1077 676 1141 ascendunt
697 1078 762 1140 tres
791 1077 831 1140 ad
854 1077 977 1156 minus,
1009 1077 1064 1160 qui
1088 1077 1121 1140 in
1144 1097 1237 1160 supe-

89 1179 163 1243 riori
188 1182 280 1262 parte
302 1179 502 1258 circumierit,
527 1181 698 1246 clamantes
721 1180 796 1246 altis
817 1181 956 1251 vocibus.
981 1181 1146 1246 laudantes
1168 1180 1238 1246 Ma·

86 1284 284 1362 chometum,
317 1285 355 1348 de
377 1308 440 1369 quo
462 1287 588 1370 plenius
611 1288 748 1352 habetur
770 1287 891 1353 infra¹.
938 1287 980 1372 [p.
1009 1286 1085 1370 105]
1115 1285 1155 1350 Ιιι
1179 1286 1240 1352 hac

88 1389 216 1473 depicta
243 1395 275 1454 et
298 1391 457 1476 descripta
480 1392 609 1456 civitate
641 1397 751 1456 emunt
773 1393 984 1458 communiter
1007 1391 1168 1476 peregrini
1191 1391 1239 1456 la-

86 1494 176 1579 pides
199 1497 365 1579 pretiosos,
388 1519 511 1579 pannos
534 1497 649 1561 sericos
672 1501 704 1561 et
720 1497 903 1564 balsamum.
950 1497 991 1562 st
1014 1498 1126 1561 beatus
1146 1493 1238 1560 Ohri·

85 1601 225 1681 stianue,
259 1603 314 1686 qui
347 1625 409 1667 non
443 1603 507 1668 fuit
536 1604 686 1687 deceptus
718 1603 844 1668 ibidem.
891 1601 1024 1680 Caveat,
1058 1601 1113 1685 qui
1136 1620 1239 1664 emere

85 1705 236 1785 voluerit,
260 1711 292 1771 et
314 1729 377 1772 non
401 1709 510 1774 credat
533 1731 635 1794 neque
659 1706 851 1788 Christiano,
876 1731 978 1793 neque
1000 1704 1112 1784 Judeo,
1135 1727 1239 1790 neque

84 1809 270 1890 Sarraceno,
294 1813 369 1895 quia
391 1814 450 1878 nisi
474 1835 532 1896 per
554 1835 587 1878 se
602 1814 788 1898 cognoverit
812 1817 844 1878 et
867 1813 947 1878 sciat
968 1818 1098 1877 naturas
1120 1833 1237 1890 rerum,

84 1915 218 1980 indubie
241 1917 408 1999 decipitur.
456 1917 523 1984 Nos
547 1941 673 2004 quoque
694 1918 813 1983 fratres
835 1917 1123 2002 singularissimum
1147 1914 1238 1979 Mau-

85 2042 158 2084 rum
181 2020 368 2101 habuimus,
401 2026 451 2088 cui
474 2024 578 2088 multa
600 2025 684 2089 bona
706 2025 809 2089 socius
832 2044 921 2088 meus
943 2045 1015 2087 cum
1037 2020 1151 2086 ceteris
1172 2019 1237 2084 fra-

86 2125 194 2189 tribus
217 2127 377 2211 quondam
399 2129 432 2192 in
457 2134 543 2193 terra
565 2135 675 2194 sancta
697 2130 788 2209 fecit,
818 2129 872 2214 qui
896 2127 1044 2212 promisit
1066 2125 1157 2190 nobis
1179 2123 1239 2188 sub

85 2231 284 2311 iuramento,
316 2234 399 2316 quod
432 2255 495 2298 non
517 2233 616 2298 vellet
640 2257 696 2299 nos
719 2235 882 2319 decipere,
915 2236 1075 2298 ettamen
1098 2229 1238 2295 finaliter

84 2357 143 2418 per
165 2359 237 2400 eum
261 2336 384 2422 decepti
407 2359 526 2404 sumus.
572 2338 655 2404 Item
677 2337 759 2404 feria
776 2343 891 2424 quarta
913 2342 985 2422 post
1002 2337 1119 2401 festum
1134 2335 1235 2398 sancti

84 2439 248 2507 Francisei
271 2438 304 2529 [8
320 2441 405 2530 Oct]
430 2445 515 2510 circa
531 2450 680 2529 quartam
696 2443 806 2509 horam
831 2446 904 2528 post
920 2443 1088 2525 prandium
1105 2439 1238 2505 adduxit

86 2547 218 2631 quidam
249 2548 288 2612 ad
319 2550 437 2614 curiam
469 2551 570 2614 nostri
594 2550 726 2633 hospitii
750 2548 1002 2634 pulcherrimum
1033 2568 1070 2611 ac
1091 2545 1237 2610 mirabile

84 2651 217 2732 animal,
241 2654 330 2718 cuius
352 2676 466 2720 nomen
490 2655 638 2719 dixerunt
662 2676 727 2720 esse
742 2654 867 2738 seraph,
890 2654 1012 2719 habens
1034 2655 1131 2736 caput
1153 2650 1236 2715 sicut

85 2757 208 2822 vitulus
230 2760 324 2838 cervi,
348 2759 409 2824 duo
426 2781 543 2826 cornua
560 2762 667 2825 brevia
691 2767 723 2826 et
742 2765 924 2840 nouacula,
947 2759 1092 2843 linguam
1107 2757 1236 2822 omnino

86 2863 243 2941 blancam,
259 2861 378 2928 collum
394 2865 531 2928 multum
548 2865 676 2948 longius
691 2865 820 2941 camelo,
838 2887 953 2949 corpus
968 2865 1073 2942 breve,
1089 2866 1236 2927 ventrem

84 2968 204 3048 latum,
233 2971 371 3053 quatuor
393 2991 502 3049 crura,
526 2971 686 3035 anteriora
708 2971 841 3050 altiora,
872 2971 918 3036 ita
941 2970 1025 3056 quod
1049 2968 1164 3051 longus
1187 2965 1237 3029 vir

83 3073 236 3138 transivit
260 3074 379 3138 directe
408 3076 468 3140 sub
491 3081 601 3140 ventre
631 3075 717 3154 eius,
752 3076 833 3160 quod
866 3079 899 3139 et
921 3077 985 3140 ridi
1015 3072 1116 3140 oculis
1137 3071 1234 3146 meis3

85 3182 224 3264 quatuor
246 3179 340 3263 pedes
363 3180 445 3245 sieut
470 3181 543 3259 bos,
574 3180 711 3264 ungulas
725 3177 747 3260 ¹,
778 3180 865 3245 color
895 3181 962 3246 eiua
992 3181 1099 3258 albus,
1129 3176 1236 3241 rubeis

84 3285 218 3349 maculis
241 3305 396 3368 aspersus,
420 3286 549 3351 caudam
572 3305 698 3369 quoque
721 3284 818 3348 habet
841 3285 959 3350 nudam
981 3286 1049 3350 sine
1071 3282 1147 3368 pilis
1169 3282 1235 3346 sire

86 3391 244 3467 crinibus,
278 3389 312 3453 in
340 3390 403 3454 fine
433 3391 531 3456 caude
561 3389 657 3454 habet
680 3389 789 3473 nigros
812 3391 923 3454 crines.
969 3389 1074 3456 Saltat
1097 3387 1236 3453 multum

87 3498 123 3561 ad
148 3495 363 3571 altitudinem,
387 3503 423 3560 ut
444 3496 561 3561 dicitur
585 3535 625 3545 -
649 3515 712 3558 non
734 3495 801 3560 vidi
826 3532 875 3558 -.
920 3493 1003 3560 Ibem
1019 3494 1133 3580 quinta
1156 3492 1236 3558 feria

86 3603 117 3688 [9
142 3599 229 3687 Oct]
253 3606 326 3685 post
352 3599 510 3664 Francisei
534 3599 687 3664 adductus
715 3603 763 3663 est
785 3599 835 3664 leo
857 3621 1002 3684 magnus,
1026 3601 1082 3684 qui
1104 3598 1236 3663 ludebat

87 3709 119 3772 in
135 3708 224 3773 curia
240 3727 347 3772 eoram
362 3707 498 3770 dominis
514 3706 702 3791 peregrinis,
724 3710 755 3770 et
772 3705 877 3770 emisit
892 3703 1060 3770 horribiles
1075 3705 1201 3790 rugitus
1210 3700 1234 3769 ⁸.

650 3831 669 3866 ᾖ

157 3935 169 3989 l
196 3933 256 3988 Den
274 3929 395 4002 grdssten
420 3930 471 3985 teil
489 3949 543 3987 von
563 3932 631 3986 scite
650 3931 699 3987 105
724 3931 772 3986 des
796 3931 879 3988 codex
898 3931 1001 3986 nimmt
1024 3931 1074 3986 der
1091 3929 1160 4001 plan
1179 3945 1235 3985 von

86 4022 170 4079 Kaira
197 4021 258 4084 ein;
287 4019 332 4074 die
349 4019 532 4089 punlrtierten
550 4019 636 4075 linien
656 4021 707 4076 auf
729 4019 888 4075 demaelben
906 4019 1072 4074 bezeichnen
1090 4018 1145 4072 den
1164 4033 1233 4085 weg,

85 4111 209 4165 welchen
226 4109 272 4164 die
289 4107 383 4178 pilger
402 4106 445 4161 bei
463 4107 553 4162 ihrem
572 4109 688 4178 einauge
712 4109 743 4162 in
766 4108 811 4163 die
829 4108 908 4164 stadt
925 4107 983 4162 und
1002 4106 1047 4162 bei
1064 4107 1140 4159 ihrer
1157 4121 1234 4158 wan·

87 4197 194 4266 dernng
212 4195 300 4251 durch
318 4194 440 4250 dieselbe
458 4212 505 4249 am
526 4197 558 4250 14
576 4195 635 4252 Oct.
656 4196 872 4266 eingesehlcgen
891 4196 990 4251 haben.
1071 4193 1088 4246 2
1107 4191 1164 4246 Vor
1182 4207 1234 4244 un·

86 4287 166 4356 gulas
185 4285 223 4340 ist
241 4283 281 4337 im
300 4282 384 4338 codex
403 4283 447 4337 ein
468 4285 500 4338 15
520 4302 576 4337 mm
596 4285 696 4354 langer
714 4301 803 4349 raum,
822 4283 852 4338 in
866 4283 989 4339 walchen
1008 4280 1082 4336 wohl
1102 4279 1233 4334 daewort

85 4371 189 4428 dividit
206 4372 273 4429 oder
284 4370 406 4425 bisulcae
424 4372 531 4440 gehort.
568 4371 660 4438 Fabri,
678 4373 728 4428 der
740 4373 834 4429 diesen
851 4371 962 4443 girefen
983 4369 1054 4424 auch
1066 4367 1232 4432 beschreibt,

86 4463 151 4532 negt
168 4459 233 4530 1115,
235 4460 283 4514 30:
305 4459 454 4527 »ιιιιςιιΙιιιιι
473 4460 575 4516 dividit
594 4463 628 4516 ut
645 4461 720 4520 bos«.
824 4461 841 4516 3
860 4459 945 4515 Fabri
964 4457 1011 4524 ΙΙΙ,
1031 4459 1065 4514 30
1084 4457 1192 4518 eberiso.
