3054 4942
834 352 900 419 204

294 529 331 592 de
355 549 418 614 qua
439 527 591 608 famatus,
615 528 699 612 quod
723 529 858 613 quodam
882 532 1024 612 tempore
1047 527 1163 592 fratres
1194 527 1227 590 in
1250 527 1443 592 monasterio

294 638 402 698 sancte
418 632 596 697 Katherine
619 633 751 698 fuerunt
772 634 868 698 nimis
890 633 1035 698 infestati
1057 656 1077 698 a
1100 633 1300 717 serpentibus
1323 637 1356 697 et
1371 632 1444 697 aliis

291 739 456 804 venenosis
478 739 637 803 vermibus
660 739 693 803 in
716 743 859 819 tanturn,
895 740 976 823 quod
1009 760 1117 804 omues
1152 738 1248 803 simul
1272 737 1445 803 voluerunt

294 845 437 908 deserere
451 846 697 922 monasterium
714 851 855 911 attamen
876 847 1082 910 decreverunt
1098 846 1186 929 prius
1202 845 1332 910 visitare
1347 843 1444 909 simul

293 968 401 1014 omnes
424 953 565 1013 montem
587 947 695 1034 Synai.
742 949 783 1014 El
814 951 889 1015 dum
912 955 1066 1014 venerunt
1088 971 1146 1033 per
1168 950 1286 1015 clivum
1308 950 1348 1014 ad
1370 971 1444 1032 pre·

294 1053 413 1118 dictum
437 1053 560 1132 locum,
594 1056 747 1138 apparuit
778 1055 824 1119 eis
858 1056 952 1119 beata
976 1055 1065 1140 virgo
1090 1055 1192 1120 Maria
1213 1055 1336 1120 dicens:
1373 1052 1445 1118 »Nc

294 1158 448 1223 recedatis
471 1181 490 1222 a
513 1159 601 1224 loco!
635 1160 774 1245 amplius
798 1163 882 1226 enirn
906 1161 1029 1226 nullam
1052 1161 1227 1226 molestiam
1251 1159 1403 1244 patimini
1428 1181 1447 1222 a

294 1264 484 1330 vermibus«
533 1263 575 1328 Et
597 1265 642 1329 sic
658 1270 855 1330 recesserunt
877 1285 986 1330 omncs
1002 1285 1123 1329 vermes
1138 1262 1297 1342 venenosi,
1320 1267 1353 1327 et
1375 1284 1445 1326 am·

296 1370 381 1453 plius
404 1390 465 1434 non
484 1371 635 1454 apparuit
650 1370 767 1455 aliquis
783 1392 883 1456 usque
906 1371 939 1435 in
956 1370 1145 1436 hodiernum
1160 1369 1253 1447 diem,
1277 1369 1360 1432 sicut
1382 1368 1446 1450 ipsi

294 1475 413 1540 dicunt.
460 1473 485 1536 Ε
523 1475 567 1538 sic
589 1480 776 1540 manserunt
797 1475 932 1554 fratres,
964 1479 996 1540 et
1027 1475 1253 1538 edificaverunt
1275 1473 1308 1536 in
1333 1472 1446 1537 eodem

294 1581 364 1646 loco
386 1580 551 1664 capellam,
576 1602 638 1664 que
661 1580 754 1645 hodie
776 1585 850 1660 stat,
875 1584 907 1644 et
929 1583 1005 1644 sunt
1019 1579 1219 1664 indulgentie
1242 1583 1366 1660 septem
1387 1599 1447 1640 an·

295 1707 410 1750 norum
442 1690 474 1750 51
508 1685 641 1750 totidem
673 1705 858 1748 carenarum
875 1683 895 1748 ¹.
943 1683 1079 1748 Domum
1110 1682 1307 1747 ascendimus
1337 1702 1449 1744 versus

296 1791 439 1856 dextram
462 1813 601 1868 manum,
626 1793 658 1854 ct
680 1789 790 1853 statim
806 1789 956 1872 apparuit
978 1789 1069 1852 nobis
1093 1810 1156 1852 una
1171 1791 1274 1871 porta,
1299 1791 1331 1850 et
1354 1785 1450 1848 iuxta

296 1894 384 1959 illam
407 1894 491 1960 facta
514 1899 590 1960 sunt
612 1893 714 1959 multa
737 1895 906 1972 miracula,
939 1895 993 1959 sed
1016 1916 1078 1979 que
1099 1893 1247 1972 fuerunt,
1282 1913 1345 1956 non
1368 1895 1450 1955 sunt

297 2000 389 2064 nobis
411 2022 559 2085 expressa
573 1999 595 2063 ¹.
641 1998 778 2065 Demum
799 1999 998 2064 ascendimus
1021 1999 1138 2063 iterum
1163 1997 1251 2062 ultra
1269 2017 1378 2061 versus
1401 1997 1450 2060 si·

297 2106 431 2170 sistram
455 2128 601 2186 manum,
636 2111 668 2170 51
691 2107 834 2170 venimus
865 2106 903 2170 ad
926 2105 1026 2171 altum
1052 2105 1178 2169 clivum.
1226 2103 1267 2167 Et
1290 2123 1360 2168 ecce
1383 2102 1452 2166 alia

299 2216 393 2294 porta
415 2211 575 2294 apparuit,
600 2233 693 2294 quam
718 2211 815 2274 etiam
838 2211 1042 2275 transivimus
1065 2231 1135 2274 cum
1159 2209 1278 2287 salute,
1302 2208 1450 2272 511551-

298 2338 369 2380 mus
391 2317 429 2380 ad
446 2339 540 2380 unam
556 2315 734 2399 planitiem,
758 2316 789 2380 in
812 2337 875 2400 qua
890 2315 1115 2380 declinavimus
1138 2315 1178 2378 ad
1193 2312 1355 2377 sinistram
1379 2335 1452 2377 ma·

298 2445 383 2488 num.
431 2421 472 2485 Et
504 2421 549 2484 ibi
574 2421 687 2504 incipit
717 2443 806 2486 mous
829 2419 951 2501 Oreb³,
987 2422 1019 2484 in
1043 2421 1132 2486 cuius
1165 2420 1243 2504 pede
1277 2418 1452 2496 55115555,

299 2528 354 2592 ubi
377 2527 475 2591 latuit
497 2532 625 2591 sanctus
648 2526 806 2610 propheta
830 2526 948 2608 Helias,
972 2526 1099 2612 quando
1123 2523 1299 2590 ambulavit
1321 2523 1355 2588 in
1379 2523 1450 2589 for·

299 2632 437 2697 titudine
460 2631 523 2696 cibi
546 2631 634 2696 illius
656 2653 756 2716 usque
779 2633 818 2697 ad
842 2637 983 2696 montem
1006 2629 1106 2711 Orcb,
1135 2630 1231 2694 stibi
1257 2629 1453 2712 pascebatur

298 2761 317 2800 a
339 2758 433 2802 corvo
446 2737 467 2804 ⁴.
515 2737 557 2801 1111
579 2740 654 2800 5551
676 2737 768 2802 modo
798 2737 842 2800 ibi
866 2741 931 2800 tras
953 2735 1072 2821 capelle
1096 2735 1191 2800 simul
1214 2735 1393 2812 coniuncte,
1418 2739 1454 2800 et

300 2847 348 2906 cst
370 2843 524 2906 transitus
547 2843 585 2906 dc
607 2865 671 2906 una
693 2843 731 2906 ad
755 2842 860 2907 aliam.
907 2841 1015 2905 Prima
1038 2841 1161 2924 capella
1183 2844 1229 2904 est
1251 2839 1453 2905 5555151115-

867 2964 884 2994 ὕ

373 3037 385 3088 1
406 3033 512 3089 Bercits
531 3033 599 3088 Lud.
619 3050 646 3089 v.
659 3033 746 3088 Sudh.
763 3036 796 3089 67
817 3033 945 3088 eruthnt
963 3031 1038 3087 diese
1056 3048 1123 3101 5535
1142 3031 1209 3086 aber
1227 3030 1308 3086 hcine
1327 3031 1452 3101 lrapellc.

301 3124 386 3178 Fabri
405 3123 440 3184 11,
458 3123 509 3178 453
528 3123 580 3177 wie
594 3121 732 3178 Walther.
770 3121 849 3175 Nach
869 3121 960 3175 Ghist.
972 3119 1023 3172 213
1042 3119 1157 3173 vvurden
1175 3119 1220 3173 die
1240 3117 1343 3172 brdder
1361 3117 1455 3174 aullcr

300 3230 355 3268 von
378 3211 532 3280 ›slangen‹
559 3211 632 3265 auch
660 3207 1157 3277 55551555565155»1551513555
1181 3207 1309 3270 becsten,
1332 3205 1455 3275 Vlovcm

300 3299 759 3368 1111155155,11153555555155551
773 3297 916 3364 1151551131.
944 3296 994 3350 1115
1005 3295 1145 3350 5515115115
1161 3311 1227 3364 sago
1242 3294 1354 3348 besteht
1365 3294 1454 3350 haute

300 3388 378 3443 noch.
399 3386 555 3443 35511525.
608 3388 623 3440 2
637 3387 722 3442 Fabri
732 3387 767 3451 ll,
778 3389 829 3440 454
844 3385 899 3438 5511
913 3381 1454 3459 5565155113511515511155,(1555555511

301 3476 389 3531 dieses
407 3476 473 3531 thor
492 3475 556 3530 11515
575 3475 647 3530 lude
667 3477 755 3544 gehen
774 3475 875 3529 116555.
957 3473 974 3527 3
994 3472 1042 3526 Dic
1062 3474 1149 3526 etwas
1169 3468 1338 3526 sonderbarc
1356 3472 1456 3524 unter-

301 3563 455 3631 scheidung
481 3563 617 3618 awischeu
645 3563 708 3618 dem
733 3563 817 3631 berge
836 3561 928 3616 Horeb
957 3559 1126 3622 1151161551,
1154 3556 1320 3612 1515515115
1347 3555 1395 3612 die
1413 3557 1455 3612 hl.

301 3653 402 3708 schrift
419 3652 521 3707 keinen
541 3651 747 3721 anhaltspunlst
766 3652 868 3713 hietat,
889 3651 1008 3703 stammt
1028 3666 1081 3704 von
1109 3647 1164 3702 1155
1185 3645 1309 3699 Arabern
1329 3644 1387 3699 und
1409 3645 1455 3700 be·

303 3740 379 3794 steht
406 3738 476 3794 nach
495 3740 596 3806 Grata,
622 3739 751 3810 Schaupl.
773 3741 821 3794 131
841 3739 926 3793 heuto
945 3737 1023 3793 noch.
1060 3735 1139 3791 Nach
1158 3732 1243 3788 Fabri
1260 3732 1296 3798 11,
1314 3734 1367 3788 455
1385 3733 1454 3790 hicss

303 3829 352 3883 der
370 3831 469 3882 untcre
488 3828 537 3881 teil
557 3829 605 3882 des
624 3829 722 3897 berges
741 3829 783 3882 bis
803 3845 852 3881 aur
870 3824 1062 3895 Eliaslrapclle
1079 3822 1166 3888 Sinai,
1185 3821 1235 3877 der
1253 3821 1336 3877 obera
1349 3820 1453 3877 Horeb.

304 3920 347 3970 115
359 3933 474 3971 cnseret
487 3915 569 3970 515115
587 3919 653 3985 5531
665 3916 796 3970 Walther
809 3914 918 3980 ebensc,
936 3913 1033 3968 vveiter
1045 3915 1133 3966 unteu
1146 3912 1213 3965 aber
1234 3909 1285 3964 das
1298 3909 1455 3978 gegentcil.

302 4009 319 4058 4
348 4005 426 4060 Auch
444 4003 530 4058 Fabri
548 4004 582 4070 ll,
602 4005 652 4061 456
681 4005 738 4058 und
759 4005 840 4058 Harlf
857 4005 907 4057 126
926 4002 1057 4068 verlegen
1085 3999 1131 4054 die
1148 3997 1281 4067 speisung
1307 3996 1356 4050 dee
1376 3996 1455 4051 Elias

305 4093 393 4147 durch
412 4094 493 4148 einen
512 4092 598 4147 raban
616 4093 720 4156 bichor,
738 4093 859 4148 obschcn
878 4091 917 4145 ais
937 4090 1009 4144 nach
1027 4087 1148 4156 1111153.
1171 4088 1210 4150 17,
1224 4087 1278 4140 4.6
1297 4101 1343 4138 am
1365 4084 1455 4140 bache

303 4179 571 4234 6511155151115511.
608 4175 1106 4247 1155156316455515313155111,
1134 4173 1199 4228 11555
1228 4171 1288 4226 hier
1311 4171 1454 4227 5155151·-

304 4268 463 4335 vvechslung
487 4267 540 4320 mit
555 4267 635 4336 jener
653 4283 719 4335 saga
737 4264 917 4328 staltfindet‚
935 4263 1008 4317 uach
1027 4261 1144 4316 welches
1162 4257 1268 4314 1551155
1286 4256 1344 4312 5511
1363 4259 1453 4315 raban

305 4358 359 4410 1155
377 4341 512 4410 1511551155
531 4373 577 4410 551
597 4353 673 4409 Sinai
688 4353 812 4424 jahrlich
830 4353 935 4407 einmal
954 4350 1040 4406 soviel
1060 4347 1190 4414 blsweige
1213 4344 1365 4409 brachtum
1386 4347 1451 4402 dass

304 4445 343 4498 sie
361 4444 521 4500 shmtlicbes
540 4445 575 4510 61,
595 4441 924 4502 (1555555155511511155,
945 4439 1048 4492 claraus
1068 4435 1217 4494 herstellcn
1237 4432 1373 4494 11555155.
