3054 4944
817 345 881 410 278

275 543 398 600 narum,
423 522 538 606 quibus
554 520 702 586 Christus
718 523 887 586 coronatus
902 525 960 600 est,
983 523 1016 585 et
1037 520 1083 585 sie
1099 519 1275 600 dubitetur,
1298 541 1338 582 au
1357 540 1424 584 cer·

271 629 341 691 tum
364 647 465 710 genus
486 648 506 690 a
527 627 674 710 pluribus
696 625 852 690 habeatur
873 647 914 690 sn
938 647 1012 690 non.
1051 624 1138 690 Visis
1160 629 1266 690 autem
1291 623 1426 690 diversis

272 731 349 796 locis
371 731 479 811 sacris,
502 731 594 798 videl.
619 731 653 795 in
677 730 784 810 Redis,
807 731 841 796 in
864 731 952 796 ouria
974 752 1115 810 romana,
1138 731 1171 795 in
1191 731 1312 795 Assisio
1334 735 1368 794 et
1391 729 1422 792 in

271 835 419 920 Trajeeto
442 836 525 900 veris
554 835 654 920 spinis
688 836 726 900 de
748 856 865 902 corona
887 834 1025 917 Christi,
1062 836 1196 901 iudicavi
1220 856 1362 900 errorem
1392 834 1425 898 in

272 961 387 1024 genere
404 940 579 1005 multarum
594 941 768 1024 spinarum,
794 964 856 1027 que
878 941 1059 1026 apluribus
1075 947 1248 1026 portantur
1270 947 1303 1006 et
1318 946 1425 1005 osten·

272 1043 401 1110 duntur.
447 1043 651 1129 Quapropter
666 1045 840 1129 plurimum
861 1046 986 1112 solicite
1001 1046 1143 1112 laboravi
1167 1047 1198 1110 in
1218 1043 1426 1122 Iberusalenr,

274 1154 312 1214 nt
343 1149 473 1214 daretur
507 1147 587 1214 mihi
621 1155 743 1214 certum
777 1171 877 1235 genus
910 1150 1041 1215 illarum
1063 1151 1239 1235 spinarum.
1283 1149 1425 1215 'landem

273 1253 402 1318 edoctus
426 1256 458 1318 et
480 1257 645 1337 expertus,
670 1255 753 1339 quod
776 1254 857 1320 illud
880 1275 980 1341 genus
1003 1255 1168 1339 spinarum
1192 1255 1291 1320 etiam
1313 1255 1427 1320 erescit

272 1359 306 1422 in
330 1363 416 1423 terra
438 1363 560 1438 sancta,
585 1359 638 1423 sed
661 1359 753 1425 modo
775 1380 892 1443 pauco,
915 1359 1009 1444 quia,
1041 1365 1212 1446 antequam
1233 1359 1428 1444 perveniunt

273 1463 311 1528 ad
328 1463 551 1548 quantitatem,
574 1461 746 1546 rapiuntur
767 1486 786 1528 a
800 1461 1001 1543 Christianis,
1024 1467 1056 1528 et
1071 1463 1118 1528 sic
1133 1483 1206 1528 raro
1223 1462 1336 1528 haberi
1352 1485 1426 1548 pos·

273 1573 350 1634 sunt
371 1568 427 1634 ibi.
472 1567 646 1634 Dicebatur
667 1573 774 1633 tamen
797 1567 887 1646 mihi,
911 1569 994 1653 quod
1018 1568 1051 1633 in
1075 1569 1168 1653 eopia
1190 1573 1370 1634 crescerent
1393 1569 1425 1632 in

273 1675 325 1738 ria
356 1674 395 1738 de
425 1677 536 1738 sancta
559 1671 739 1738 Ketherina
759 1695 870 1739 versus
893 1673 1068 1760 Egyptum.
1115 1673 1157 1738 Et
1190 1673 1264 1738 dum
1298 1673 1428 1757 perveni

273 1800 332 1863 per
347 1778 397 1844 dei
412 1779 551 1863 gratiam
574 1777 613 1844 sd
634 1779 774 1859 eandem,
798 1779 899 1863 reperi
918 1779 1149 1856 habundanter,
1173 1777 1256 1862 quod
1280 1799 1318 1842 ex
1334 1778 1428 1843 corde

273 1884 392 1968 optari.
438 1881 523 1949 Nam
555 1885 589 1949 in
615 1906 678 1949 una
701 1884 784 1949 valle
806 1905 915 1949 vorsus
937 1905 1024 1949 mare
1047 1885 1180 1949 rubrum
1213 1885 1302 1947 stant
1325 1881 1427 1947 multe

273 1989 339 2054 late
361 1993 392 2054 et
415 1989 479 2054 alte
495 1988 634 2070 arbores,
657 1989 781 2054 nullum
796 1989 934 2056 hactum
950 1987 1181 2055 comestibilem
1202 1987 1323 2065 dantes,
1348 1986 1429 2051 folia

273 2117 374 2180 parva
396 2099 429 2160 et
451 2095 583 2160 subtilia
604 2099 638 2159 st
653 2095 755 2160 ririda
769 2094 917 2172 ferentes,
940 2093 1033 2160 flores
1056 2095 1184 2180 glaucos
1206 2098 1372 2177 portantes
1395 2097 1430 2156 et

273 2199 390 2285 spinas.
435 2197 520 2265 Nam
543 2186 707 2267 decidente
734 2200 812 2266 flore
834 2203 1009 2267 nascuntur
1042 2201 1102 2265 due
1134 2199 1227 2284 spine
1249 2198 1429 2278 durissime,

274 2305 361 2372 acsi
385 2309 489 2370 essent
512 2305 550 2369 de
573 2326 688 2384 cornu,
722 2305 793 2370 albe
816 2311 853 2371 ut
875 2307 930 2370 nin
958 2312 991 2371 et
1012 2305 1211 2380 acutissime,
1248 2307 1281 2368 et
1303 2303 1337 2367 in
1361 2303 1430 2367 acie

273 2411 370 2476 rubee
403 2410 486 2474 sieut
508 2409 661 2493 sanguis,
696 2415 728 2476 et
758 2411 826 2495 ipse
856 2416 931 2475 sunt
959 2409 1083 2475 fruetus
1105 2409 1238 2474 arboris.
1284 2405 1332 2472 De
1354 2408 1429 2472 istis

274 2517 375 2600 spinis
397 2515 536 2580 lamatur
560 2537 618 2599 pro
647 2519 775 2582 certos
803 2515 912 2582 Grecis
936 2520 968 2580 et
989 2515 1126 2580 aliarum
1149 2513 1317 2579 nationum
1333 2511 1429 2577 Chri-

274 2620 387 2686 stianis
410 2620 443 2683 in
465 2624 552 2685 terra
566 2627 685 2702 sancta,
709 2621 793 2707 qnod
815 2621 853 2686 de
876 2621 941 2685 illis
956 2621 1058 2704 spinis
1080 2618 1145 2683 luit
1161 2639 1277 2684 corona
1291 2617 1427 2682 Christi.

276 2725 317 2790 Et
339 2725 450 2790 dicunt
473 2725 580 2804 otiam,
603 2729 699 2812 atque
722 2733 833 2792 tenent
856 2748 915 2810 pro
936 2731 1034 2804 certo,
1059 2724 1142 2809 quod
1166 2722 1221 2787 ille
1244 2723 1334 2806 spine
1350 2727 1430 2788 ante

274 2831 452 2915 passionem
474 2830 595 2896 fuerint
616 2831 688 2896 albe
710 2853 767 2915 per
789 2835 911 2910 totum,
934 2831 985 2895 sed
1009 2833 1083 2914 post
1106 2828 1282 2913 passionem
1305 2825 1432 2893 Christi

273 2937 476 3020 insignum,
499 2941 531 3001 et
552 2935 756 3016 miraculose,
780 2941 812 3001 et
836 2957 874 3000 ex
898 2935 1104 3019 dispositione
1127 2932 1284 3028 dominica
1305 2953 1435 3017 semper

274 3047 421 3108 crescunt
436 3063 521 3107 nunc
544 3041 667 3116 in'acis
684 3043 789 3107 rubee.
835 3039 877 3105 Et
898 3040 936 3106 de
954 3041 1024 3104 istie
1040 3038 1211 3104 arboribus
1228 3039 1333 3121 carpsi
1350 3037 1433 3102 mihi

274 3168 377 3211 ramos
393 3167 467 3212 curn
484 3146 585 3230 spinis
602 3146 814 3230 complectens
830 3165 988 3223 eoronam,
1012 3165 1109 3229 quam
1126 3143 1251 3227 portavi
1274 3141 1308 3206 in
1325 3143 1434 3227 eapite

273 3273 344 3316 meo
368 3273 440 3316 oum
462 3272 586 3316 summa
609 3249 776 3314 devotione
799 3269 899 3332 usque
921 3248 960 3312 sd
979 3246 1180 3312 Alamaniam
1206 3247 1341 3312 bassam.
1388 3247 1433 3314 Et

275 3357 351 3421 dum
372 3355 504 3440 perveni
535 3355 651 3420 iterum
686 3355 725 3418 ad
755 3353 863 3436 aliqua
891 3351 977 3430 loca,
1013 3352 1070 3416 ubi
1093 3353 1157 3417 vidi
1180 3348 1268 3438 ve[p.
1293 3351 1434 3439 241]ras

275 3462 400 3546 spinas,
431 3465 463 3525 et
485 3479 570 3523 meas
592 3459 711 3523 talibus
735 3479 800 3521 esse
823 3457 960 3537 similes,
984 3459 1233 3540 supramodum
1262 3457 1310 3522 fui
1332 3455 1431 3522 letifi-

274 3569 364 3630 catus
387 3563 425 3628 de
440 3584 515 3628 vero
535 3563 676 3647 genere¹
700 3611 708 3627 .
733 3612 739 3626 .
766 3611 773 3626 .
809 3560 929 3626 Milites
939 3561 1089 3627 'fecerunt
1114 3583 1185 3626 sum
1203 3563 1312 3628 sedere
1334 3583 1434 3647 super

276 3668 433 3754 quendam
457 3669 615 3752 lapidem,
646 3667 701 3754 qui
724 3667 818 3732 hodie
841 3666 1021 3732 ostenditur
1054 3667 1087 3732 in
1111 3668 1233 3752 templo
1255 3669 1358 3734 saneti
1381 3691 1433 3733 se·

843 3794 862 3829 s

346 3899 360 3951 1
379 3893 443 3966 Vgl.
463 3895 543 3949 hiesu
556 3894 628 3950 oben
647 3912 668 3948 e.
680 3895 731 3950 211
745 3893 765 3951 l.
803 3894 856 3950 Am
875 3892 1172 3949 wshrscheinliohsten
1187 3893 1283 3948 wurde
1302 3893 1347 3948 die
1365 3893 1432 3950 dor-

275 3985 417 4041 nenhrous
429 4000 479 4038 ans
490 3981 568 4037 einer
581 3984 626 4036 art
638 3981 795 4038 hreuzdorn
816 3981 979 4052 gsflochten,
998 3979 1117 4036 welcher
1130 3979 1164 4034 ⁴in
1178 3979 1321 4034 Palatina
1333 3980 1434 4051 haubg

275 4073 434 4129 vorlrommt
453 4069 511 4125 und
523 4069 668 4124 Rhamnus
686 4069 814 4138 paliurus
831 4069 898 4125 oder
917 4067 999 4139 spina
1023 4065 1137 4133 Christi,
1155 4083 1211 4123 von
1229 4066 1283 4121 den
1299 4065 1432 4123 Arabsrn

275 4158 348 4213 nach
376 4156 550 4226 Hasselquist
569 4157 620 4213 560
640 4155 742 4222 Nahlr,
770 4157 842 4212 nach
870 4155 948 4214 Tobl.
969 4155 1089 4212 Denkhl.
1114 4155 1163 4210 113
1188 4153 1274 4210 Netos
1302 4160 1434 4224 genennt

275 4245 353 4300 wird.
391 4244 602 4300 Ausfdhrlicher
626 4244 756 4301 hierdber
779 4244 905 4300 handsln
924 4243 1116 4310 Queresmiue,
1145 4243 1255 4298 Oretser
1281 4241 1312 4295 in
1339 4241 1432 4298 seiner

275 4331 373 4386 schrift
392 4331 425 4386 de
446 4333 533 4388 Cruce
550 4332 607 4386 und
626 4330 816 4395 Bartholinus,
844 4330 885 4386 De
903 4347 1005 4387 corona
1022 4331 1127 4401 spinea.
1165 4332 1222 4384 Aus
1252 4329 1306 4384 den
1326 4329 1431 4400 pilger-

275 4418 409 4475 echrilten
428 4419 467 4476 sei
487 4421 539 4476 aul
554 4418 600 4476 die
619 4419 749 4491 angeben
768 4418 981 4484 Maundavilles,
1000 4417 1108 4488 Reyssb.
1128 4418 1179 4474 406
1199 4415 1357 4472 verwioesn.
