3056 4944
800 341 862 410 110

345 516 462 582 Emaus
491 519 634 600 tempore
657 513 776 580 Christi
807 519 876 580 erat
906 514 1072 580 castellum
1099 514 1205 579 nobile
1229 515 1271 578 60
1296 512 1410 577 stadiis

165 608 171 626 ’
257 623 298 686 ab
314 621 516 700 Ihernsslern‚
539 619 593 684 sed
610 619 702 684 modo
718 619 882 703 villegium
898 641 1041 704 parvum.
1090 619 1130 683 Et
1153 619 1185 682 in
1202 617 1259 684 illo
1276 617 1410 683 castello

257 729 448 792 habitebsnt
471 726 520 790 illi
543 725 605 790 duo
628 725 786 809 discipuli,
809 726 864 790 sel.
890 724 990 790 Lucas
1012 728 1045 788 et
1068 723 1240 808 cleophas,
1273 723 1313 787 ds
1346 743 1410 808 qno

257 833 370 896 scribit
394 830 493 896 Lucas
526 830 558 894 in
591 851 648 895 sno
671 830 847 915 ewangelio
870 831 1013 914 capitulo
1037 832 1089 893 24.
1136 829 1178 893 Et
1200 829 1313 894 dicunt
1337 827 1410 912 qni-

258 937 341 1014 dem,
366 937 447 1021 quod
473 935 573 1000 Lucus
596 957 710 1000 nomen
734 957 827 1000 suum
850 957 912 1000 non
936 935 1065 1018 scripsit
1087 935 1140 999 sed
1163 955 1256 999 causa
1273 931 1411 998 humili-

258 1043 337 1106 tatis
352 1041 498 1122 obticuit,
515 1042 567 1106 sed
585 1063 730 1126 expresse
747 1041 855 1125 posuit
870 1063 983 1105 nomen
1002 1039 1141 1123 Cleophe
1157 1043 1291 1124 propter
1308 1037 1412 1101 maius

258 1147 479 1213 testimonium
494 1147 649 1211 veritatis.
686 1145 745 1212 Sed
763 1147 959 1211 contrarium
971 1147 1097 1210 videtur
1112 1167 1169 1229 per
1179 1144 1412 1220 Iheronimnm‚

259 1253 369 1338 quiin
394 1252 528 1336 prologo
551 1272 646 1335 super
669 1248 788 1315 Lucam
810 1250 906 1329 dicit,
940 1251 1044 1334 ipsum
1073 1271 1145 1314 cum
1175 1249 1305 1314 domino
1337 1269 1411 1332 per-

258 1357 411 1422 sonaliter
433 1378 497 1420 non
521 1354 629 1421 fuisse.
673 1353 817 1420 Fuerunt
841 1361 945 1421 tamen
978 1355 1026 1419 illi
1058 1356 1119 1420 duo
1143 1357 1236 1418 ambo
1259 1351 1412 1436 discipuli

259 1460 380 1526 Christi
404 1483 440 1524 ex
465 1460 506 1524 72
529 1460 711 1543 discipulis,
736 1464 768 1523 εὴ
791 1460 865 1524 dum
889 1461 920 1524 in
946 1461 996 1524 die
1022 1458 1263 1524 resurrectionis
1288 1455 1412 1521 Christi

259 1567 344 1630 irent
367 1567 405 1630 de
421 1565 617 1630 iherusalem
633 1567 665 1628 in
683 1564 810 1645 Emaus,
836 1571 912 1630 tunc
929 1565 1013 1630 inlra
1029 1564 1226 1629 lherusalem
1242 1568 1276 1627 et
1293 1563 1412 1627 Emaus

259 1671 424 1736 castellum
446 1671 592 1734 adiunxit
623 1692 656 1734 se
680 1669 790 1735 lhesus
814 1669 959 1735 Christus
991 1671 1023 1735 in
1058 1670 1160 1753 specie
1189 1667 1354 1754 peregrini
1380 1669 1413 1728 et

259 1776 466 1860 loquentibus
489 1776 528 1840 sd
551 1775 684 1840 invicem
709 1775 747 1839 de
771 1775 843 1855 hiis,
867 1797 927 1860 que
943 1776 1123 1840 acciderant
1146 1773 1208 1838 hiis
1231 1773 1355 1851 diebus,
1379 1775 1412 1834 et

260 1903 322 1946 non
347 1884 565 1964 cognoverunt
588 1902 675 1958 enm,
710 1885 742 1944 et
764 1880 846 1944 dixit
870 1881 907 1943 ad
932 1880 1021 1944 illos:
1058 1878 1135 1954 »Qui
1158 1883 1233 1942 sunt
1265 1876 1313 1940 hii
1345 1896 1413 1939 ser·

260 2007 378 2066 mones,
405 2007 483 2071 quos
506 1985 659 2050 confertis
681 1985 720 2049 ad
743 1985 880 2049 invicem
903 1995 935 2048 et
957 1986 1033 2048 estis
1056 1985 1206 2048 tristesle
1256 1981 1298 2046 Et
1321 1981 1411 2046 dixe·

260 2095 352 2156 runt:
378 2090 444 2155 ›De
460 2090 564 2169 ihesu,
589 2091 643 2175 qui
664 2095 732 2154 erat
747 2089 904 2174 propheta
920 2085 1035 2173 potens
1055 2089 1086 2152 in
1104 2110 1200 2173 opere
1217 2091 1249 2152 et
1264 2106 1413 2152 sermone

263 2219 367 2262 coram
391 2196 450 2260 deo
474 2199 505 2258 et
519 2195 711 2258 hominibus.
756 2193 798 2257 Et
820 2193 921 2258 nostri
937 2194 1051 2258 summi
1067 2193 1228 2278 principes
1250 2197 1283 2256 et
1307 2211 1414 2256 sacer·

262 2303 350 2366 dotes
365 2301 567 2382 tradiderunt
590 2320 662 2362 eum
685 2297 718 2360 in
737 2302 871 2361 mortem
894 2302 926 2361 et
942 2298 1169 2362 crucifixerunt
1191 2320 1274 2376 eum,
1299 2301 1332 2361 et
1354 2315 1411 2359 nos

260 2405 474 2490 sperabamus,
499 2403 582 2488 qnod
606 2406 688 2468 esset
711 2403 932 2485 redempturus
955 2401 1085 2467 Israel<
1132 2401 1221 2466 Tunc
1244 2403 1328 2466 dixit
1351 2399 1413 2463 eis:

265 2507 310 2574 »Ο
333 2509 424 2573 stulti
449 2514 482 2572 et
503 2507 588 2572 tardi
611 2507 704 2572 corde
728 2507 767 2571 ed
790 2508 995 2572 credendum!
1026 2507 1141 2572 Nonne
1162 2508 1331 2591 opportuit
1354 2506 1412 2570 hec

262 2613 425 2678 Christum
446 2613 515 2696 pati
543 2612 643 2676 etsie
666 2611 801 2677 introire
825 2633 958 2696 regnum
983 2615 1118 2677 suumle
1167 2611 1207 2676 Et
1230 2612 1275 2676 sie
1298 2611 1411 2676 ambu-

261 2718 403 2784 lantibus
425 2723 457 2782 et
479 2716 734 2802 colloquentibus
758 2723 972 2800 pervenerunt
995 2719 1032 2782 ad
1056 2721 1182 2801 portam
1204 2717 1349 2796 castelle,
1380 2719 1413 2779 et

262 2824 356 2889 finxit
378 2845 411 2888 se
428 2821 543 2914 Ihesus
561 2821 689 2908 longius
711 2823 768 2902 ire,
791 2823 852 2906 ipsi
870 2845 943 2888 vero
964 2828 1137 2906 coegerunt
1160 2843 1241 2900 eum,
1266 2821 1286 2885 i.
1303 2844 1331 2886 e.
1355 2821 1412 2885 ob-

262 2930 336 2994 nixe
351 2932 547 3012 rogaverunt
562 2949 633 2992 eum
652 2927 758 2992 verbis
773 2928 916 2992 caritatis
932 2928 1089 2992 dicentes:
1114 2925 1228 2990 »Mane
1244 2925 1411 2991 nobiscum

263 3034 406 3100 domine!
431 3034 581 3118 quonism
604 3032 837 3117 advesperascit
860 3037 892 3098 et
908 3033 1061 3096 inclinata
1084 3036 1132 3095 est
1147 3031 1210 3094 ism
1226 3030 1321 3096 dies<
1370 3029 1412 3094 Et

263 3140 397 3205 intravit
427 3160 499 3203 cum
526 3138 608 3216 illis,
644 3141 676 3201 et
699 3139 916 3202 discumbente
949 3137 987 3201 ad
1010 3158 1118 3200 cenam
1143 3137 1264 3220 accepit
1286 3157 1412 3220 penem,

263 3243 425 3309 benedixit
448 3249 480 3307 et
503 3244 603 3328 fregit
626 3247 657 3308 et
680 3245 865 3328 porrigebat
888 3243 963 3308 illis.
1010 3243 1052 3306 Et
1074 3243 1184 3308 statim
1209 3245 1312 3328 aperti
1336 3245 1411 3308 sunt

264 3349 347 3414 oculi
364 3370 473 3413 eorum
498 3354 529 3414 et
544 3355 762 3432 cognoverunt
787 3372 859 3414 eum
882 3349 913 3411 in
931 3348 1088 3413 fractione
1108 3349 1209 3431 porris,
1233 3349 1309 3434 quia
1324 3348 1411 3412 fran-

265 3454 361 3537 gebat
383 3475 496 3536 panem
520 3475 557 3518 ao
579 3453 605 3516 si
629 3475 701 3517 cum
722 3453 851 3517 cultello
868 3453 1065 3517 scinderetur
1082 3451 1102 3517 ¹.
1148 3452 1190 3516 Et
1212 3453 1280 3536 ipse
1302 3451 1412 3517 statim

266 3558 394 3622 evanuit
428 3579 465 3620 ex
498 3557 597 3620 oculis
622 3579 739 3624 eorum.
786 3556 827 3621 Et
850 3558 998 3621 dixerunt
1029 3557 1241 3622 adinvicem:
1278 3557 1412 3623 »Nonne

267 3685 319 3728 cor
343 3666 487 3726 nostrum
511 3663 623 3726 ardens
646 3669 715 3726 erat
737 3663 770 3725 in
793 3663 894 3742 nobis,
918 3663 992 3726 dum
1015 3662 1200 3747 loqueretur
1225 3663 1269 3747 [p.
1295 3663 1354 3751 56]
1379 3664 1410 3726 in

264 3772 316 3834 ria
338 3773 371 3832 et
386 3767 549 3850 opperiret
565 3768 656 3830 nobis
671 3769 887 3850 scriptumst«
937 3767 977 3832 Et
1000 3769 1067 3852 ipsa
1084 3767 1163 3832 hora
1179 3771 1313 3852 regressi
1336 3771 1411 3833 sunt

829 3893 849 3928 ἱ·

266 3976 419 4031 l’Emmaus
447 3975 483 4029 de
500 3973 676 4045 l'Evangilse
703 3975 767 4032 Jnd.
785 3976 877 4031 1269.
915 3977 991 4032 Aueh
1010 3976 1187 4033 Holaammer
1214 3979 1341 4034 verwirlt
1367 3977 1411 4032 dis

266 4063 377 4118 ansicht
398 4063 494 4133 Seppsa
513 4063 601 4117 Wets.
623 4062 716 4116 Welte
734 4061 782 4127 IV,
801 4064 853 4116 445
872 4061 900 4115 ff.

338 4152 351 4206 1
371 4151 477 4206 Woher
497 4149 629 4205 Walthsr
654 4149 729 4204 diese
748 4149 846 4204 hochst
865 4151 1032 4208 sondsrhare
1051 4151 1205 4222 erklarung
1223 4152 1286 4217 hat,
1307 4153 1410 4210 honnte

167 4285 170 4296 .
267 4238 312 4292 ich
331 4237 411 4294 nicht
429 4237 530 4294 finden.
567 4237 647 4292 Nach
671 4237 720 4292 der
738 4237 949 4308 gewbhnlichen
970 4240 1081 4294 ansicht
1098 4238 1147 4294 der
1166 4239 1244 4295 alten
1263 4240 1410 4308 theologen

271 4324 427 4380 erhannten
446 4326 605 4396 diejdnger
623 4325 675 4380 den
689 4326 773 4381 herrn
793 4344 830 4382 sn
848 4325 897 4382 der
909 4327 1094 4391 chnliehkeir,
1112 4327 1216 4383 welche
1229 4328 1317 4383 disses
1331 4323 1411 4382 brod·
1516 4353 1520 4364 ·

269 4412 389 4474 brechen
409 4412 462 4466 mit
477 4413 571 4484 jenem
591 4413 635 4470 bai
654 4413 703 4468 der
722 4413 789 4470 scier
807 4414 856 4470 des
874 4413 1074 4471 abendmshles
1093 4416 1188 4470 hatte.
