3056 4944
656 347 717 412 111

108 516 144 580 in
167 517 369 582 Iberusalem
392 523 426 582 et
448 524 676 599 narraverunt,
709 521 865 605 quomodo
889 525 1110 606 cognovissent
1133 549 1203 591 eum
1226 529 1260 593 in

112 621 269 688 fractione
284 625 387 707 panis.
432 622 474 688 Et
495 625 527 688 in
544 624 661 690 Emaus
676 625 770 690 hodie
792 631 839 690 eet
868 627 998 692 ecclesia
1020 629 1095 694 licet
1121 633 1261 698 desolata

110 727 141 791 in
167 727 249 806 loco,
272 729 328 792 nbi
345 727 492 794 Christus
514 730 665 813 apparuit
688 731 719 794 in
745 751 822 795 cena
837 731 1017 816 discipulis;
1041 739 1072 798 et
1094 736 1128 800 in
1153 739 1261 803 eadem

112 833 245 898 ecclesia
269 839 339 898 erat
360 833 504 918 sepultus
527 838 655 899 sanctus
678 833 848 920 Cleophas,
871 837 960 901 cuius
982 837 1101 905 festum
1124 841 1261 907 habetur

111 937 153 1003 24
178 939 230 1002 die
252 939 371 1004 mensis
394 937 608 1023 Septembris,
639 944 672 1004 et
695 945 742 1005 est
765 941 809 1005 ibi
832 943 928 1006 statio
950 944 1220 1028 indulgentiarum
1239 948 1259 1011 ¹.

111 1042 137 1110 Ο
160 1045 268 1110 devoti
292 1044 470 1128 peregrini!
503 1045 705 1111 Considerate
727 1046 907 1131 diligenter,
932 1051 1007 1133 quid
1032 1050 1122 1115 nobis
1144 1052 1177 1115 in
1202 1053 1261 1117 hoc

111 1147 199 1214 facto
214 1151 356 1214 ostendit
371 1150 567 1215 laciendum!
593 1151 671 1216 Ecce
693 1151 755 1216 duo
776 1151 922 1236 discipuli
946 1153 1073 1222 iverunt
1094 1155 1127 1219 in
1144 1155 1260 1222 Emaus

111 1258 144 1317 ct
160 1253 378 1339 loquebantur
399 1255 587 1320 adinvicem
612 1257 650 1320 de
665 1255 770 1335 lhesu,
793 1261 825 1320 et
844 1257 952 1321 statim
970 1258 1115 1324 adiunxit
1137 1283 1170 1325 se
1184 1261 1259 1329 illis.

111 1356 164 1423 Sic
189 1359 287 1424 etiam
310 1358 539 1443 spiritualiter,
570 1361 696 1446 quando
726 1361 926 1426 ambulamus
956 1365 992 1427 ad
1018 1364 1143 1446 Emsus,
1177 1368 1260 1452 qnod

110 1465 234 1529 dictum
258 1471 307 1530 eat
321 1465 509 1530 desiderium
533 1467 609 1531 boni
632 1467 767 1548 consilii,
793 1470 824 1531 et
839 1467 1001 1552 loquimur
1023 1470 1061 1534 de
1076 1468 1172 1535 Ibesu
1195 1493 1257 1536 non

110 1569 149 1633 dc
171 1569 352 1648 mundanis,
376 1573 454 1634 tunc
475 1571 586 1635 statim
609 1571 678 1655 ipsc
701 1570 811 1634 lbesns
833 1569 914 1636 facit
936 1573 1027 1638 nobis
1049 1596 1118 1640 sex:
1152 1573 1260 1642 Primo

111 1675 252 1758 seipsum
276 1675 368 1740 nobis
390 1674 547 1759 adiungit,
571 1678 604 1738 et
627 1675 686 1740 boc
705 1677 854 1759 promisit
869 1677 993 1742 dicens:
1020 1677 1103 1744 >Ubi
1126 1680 1187 1744 duo
1210 1683 1260 1746 vel

110 1783 177 1844 tres
200 1780 389 1874 congregati
414 1785 489 1844 sunt
519 1781 552 1842 in
575 1781 703 1844 nomine
725 1803 813 1860 meo,
845 1781 878 1844 in
900 1783 1003 1848 medio
1021 1805 1136 1849 eornm
1158 1807 1256 1851 sum.‹

110 1883 256 1950 Quodn
279 1907 401 1951 sacram
424 1886 616 1969 scripturam
638 1886 743 1969 aperit
766 1889 798 1950 et
814 1887 996 1972 intelligere
1020 1888 1106 1954 lacit.
1151 1889 1260 1955 Tertio

111 1991 207 2056 corda
239 1997 350 2056 nostra
383 1991 516 2056 caritate
548 1992 699 2056 accendit.
754 1991 875 2067 Quarto
909 1995 1070 2058 nobiscum
1107 1997 1260 2062 ambulat.

113 2097 235 2173 Quinto
250 2097 390 2180 seipsum
406 2097 497 2162 nobis
511 2097 760 2182 cognoscibilem
775 2097 922 2162 ostendit.
958 2097 1053 2164 Sexto
1069 2101 1101 2164 in
1120 2101 1260 2185 hospitio

114 2201 216 2265 nostri
240 2202 344 2266 cordis
360 2201 505 2266 habitare
528 2201 646 2286 gliscit.
692 2200 835 2285 Septimo
851 2223 961 2268 cenam
976 2205 1137 2270 nobiscum
1162 2209 1261 2271 sumit

113 2313 144 2370 at
165 2307 310 2391 seipsum
333 2307 393 2371 sub
415 2307 520 2391 specie
542 2307 633 2391 panis
656 2307 929 2372 sacramentaliter
952 2309 1090 2395 porrigit
1113 2316 1172 2377 etc.

199 2411 368 2477 Ramatha.
415 2411 551 2477 Domum
582 2413 693 2478 statim
725 2414 764 2478 ad
799 2435 927 2478 manum
951 2415 1112 2480 sinistram
1137 2418 1261 2484 videtur

113 2540 174 2583 una
197 2523 325 2582 murata
346 2519 456 2583 domus
485 2519 518 2582 in
550 2518 616 2584 alto
639 2523 748 2584 monte
762 2517 784 2586 ².
831 2518 873 2583 Et
902 2519 936 2583 in
958 2521 1066 2586 eodem
1087 2521 1157 2588 loco
1179 2528 1259 2589 tem-

113 2645 191 2707 pore
214 2621 317 2688 David
341 2627 375 2687 et
396 2625 480 2707 regis
503 2622 608 2687 Saulis
642 2629 711 2688 erat
734 2624 862 2702 civitas,
895 2645 956 2709 quc
979 2625 1204 2692 nominabatur
1226 2629 1258 2693 in

113 2729 263 2794 hebraica
284 2728 404 2812 lingwa
428 2727 649 2808 Ramathaim,
682 2729 734 2793 sed
769 2729 802 2792 in
834 2730 944 2814 lingua
967 2730 1066 2794 latina
1089 2733 1261 2798 vocabatur

114 2832 283 2900 Ramntba.
327 2831 477 2916 Sophim,
510 2833 722 2919 Ramathaym
756 2841 788 2898 et
810 2817 986 2898 Ramatha'
1003 2841 1078 2900 sunt
1111 2836 1194 2902 idern
1225 2839 1260 2903 in

111 2939 242 3006 nomine
264 2942 298 3002 et
319 2938 569 3022 significationc3
594 2937 753 3003 Ramatba
775 2939 1009 3023 interpretatur
1032 2940 1174 3022 excelsa,
1201 2941 1259 3008 So·

110 3045 213 3130 pbym
231 3047 281 3108 est
295 3064 408 3108 nomen
425 3043 512 3108 illins
528 3049 613 3108 terre
629 3043 679 3108 vel
695 3044 845 3129 regionis,
861 3050 893 3108 et
909 3044 1141 3128 interpretatur
1159 3049 1259 3131 respi-

109 3151 198 3216 ciens
208 3149 234 3230 ⁸,
251 3149 327 3234 qnia
342 3149 385 3214 ibi
403 3150 464 3214 duo
478 3155 603 3214 montes
617 3149 629 3185 ⁴
645 3149 737 3215 valde
753 3149 866 3215 excelsi
882 3155 1042 3215 mutuose
1057 3152 1260 3236 respicientes

184 3379 198 3433 1
221 3377 301 3432 Nach
313 3377 396 3432 Fabri
406 3378 427 3443 l,
436 3379 487 3434 285
502 3380 553 3435 aab
567 3396 634 3434 man
648 3395 703 3434 nur
715 3377 795 3433 mehr
803 3377 848 3433 die
856 3377 1039 3434 fundamento
1048 3378 1097 3435 der
1107 3382 1260 3436 nerstdrten

110 3466 215 3523 kircha.
270 3467 287 3520 2
305 3463 376 3521 Nobi
386 3465 542 3531 Schamrrit
551 3465 601 3521 der
611 3465 723 3520 hochste
733 3463 804 3532 berg
812 3465 841 3518 in
851 3465 900 3519 der
911 3465 1074 3536 umgebung
1083 3483 1136 3522 ron
1147 3467 1258 3524 Jerusa-

111 3555 174 3620 lem,
194 3554 246 3610 911
267 3571 294 3607 m
319 3553 387 3608 uber
414 3553 478 3608 dem
498 3552 755 3608 mittelltndiacbcn
782 3552 840 3606 und
860 3553 928 3608 1404
947 3571 975 3606 m
994 3553 1062 3608 dber
1088 3552 1153 3610 dem
1179 3557 1260 3612 toten

112 3659 213 3699 meere.
248 3641 352 3696 Hieber
370 3641 480 3712 verlagt
502 3642 564 3696 eine
582 3641 645 3696 sehr
664 3641 723 3696 alte
741 3639 879 3696 tradition
903 3639 948 3696 die
965 3641 1185 3711 geburtsstttte,
1205 3643 1260 3698 den

112 3729 249 3788 vohnsita
268 3729 326 3784 und
344 3729 395 3784 das
413 3729 485 3800 grab
511 3729 558 3784 der
577 3729 731 3800 propheten
752 3727 865 3784 Samuel
885 3727 942 3782 and
960 3727 1141 3784 identifiaiert
1159 3746 1188 3784 es
1206 3730 1259 3785 mit

39 3801 43 3812 ⁵
113 3819 174 3874 dem
192 3817 263 3872 bibl.
272 3817 455 3873 Ramathaim
468 3817 534 3874 oder
545 3817 696 3874 hematha.
723 3816 834 3882 Tobler,
851 3815 918 3886 Top.
933 3817 966 3880 ll,
980 3817 1031 3872 880
1043 3815 1072 3874 ff.
1099 3816 1150 3871 Die
1162 3817 1259 3872 krcuz·

113 3906 206 3962 labrer
217 3903 325 3960 bielten
344 3919 372 3958 es
385 3906 456 3960 anch
474 3907 520 3960 1ῐ1ιΙ
537 3905 588 3961 des
601 3906 660 3960 alte
672 3905 747 3974 Sylo,
768 3921 825 3959 was
839 3905 928 3959 sicher
948 3903 1040 3960 falech
1058 3903 1103 3960 ist.
1140 3903 1223 3958 Fabri
1237 3903 1257 3968 I,

112 3995 162 4050 233
181 3993 248 4050 teilt
267 3993 339 4048 auch
358 3993 403 4048 die
418 3993 528 4048 ansicbt
545 3993 594 4049 der
614 3992 803 4058 heuafabrer,
820 4009 868 4046 um
888 3991 956 4046 aber
968 3991 1107 4048 trotzdem
1126 3991 1171 4046 die
1184 3989 1259 4046 echt-

112 4080 170 4138 heit
188 4080 236 4137 dee
255 4081 358 4151 grabes
368 4097 423 4136 von
433 4080 552 4144 Samuel,
572 4080 621 4135 der
638 4078 668 4133 in
679 4079 822 4134 Ramatha
834 4077 974 4134 bestattet
988 4077 1091 4141 warde,
1110 4095 1143 4130 zu
1156 4078 1258 4142 retten,

113 4169 181 4224 itaet
198 4185 230 4224 er
249 4167 348 4223 denen
367 4167 424 4223 leib
443 4167 538 4223 hieher
550 4167 722 4236 tibertragen
740 4165 807 4221 sein.
844 4169 896 4220 Am
906 4162 1202 4220 wabrecheinlichsten
1221 4163 1259 4219 ist

112 4257 160 4313 der
185 4260 232 4314 ort
259 4255 311 4310 das
331 4253 438 4310 alttest.
458 4253 559 4325 bliapa.
596 4253 680 4310 Baed.
700 4254 742 4308 19.
846 4253 863 4308 3
892 4252 1034 4318 Quaresm.
1054 4249 1089 4314 ll,
1110 4249 1159 4304 727
1178 4249 1257 4319 glebt

112 4344 156 4402 die
167 4341 310 4402 namliclre
322 4341 490 4412 arkltrnnffl
510 4341 606 4404 Grata,
616 4339 786 4411 Schauplata
798 4338 847 4394 der
855 4339 894 4394 hl.
904 4339 1011 4394 schrift.
1031 4336 1169 4392 Manchan
1182 4339 1259 4395 1865.

109 4433 160 4491 352
178 4430 291 4490 arklltrt
309 4447 353 4487 es:
386 4429 445 4486 rdie
462 4428 561 4486 beiden
588 4427 680 4485 bohen
707 4425 1268 4499 derZophiterc,Guarindud.1,372*
