3054 4944
665 336 728 404 265

125 520 199 581 luno
221 515 382 600 trepidavi
405 516 437 579 in
461 516 663 582 couscientia.
710 513 835 594 Postea,
859 514 984 600 quando
1000 515 1072 580 vani
1095 514 1134 579 ad
1158 515 1272 596 looum,

122 619 168 685 lui
191 619 384 685 informatus
406 620 443 686 de
460 621 595 706 quadam
619 621 730 685 littera
752 621 848 684 missa
871 642 890 684 a
912 620 984 686 sede
1010 620 1193 705 aposlolioa‚
1216 641 1274 704 per

125 748 217 811 quam
241 725 401 789 sententia
423 731 504 790 esset
527 725 650 805 ablata,
685 725 783 790 elsio
805 725 975 810 aliquoties
998 725 1166 790 celebravi.
1212 723 1272 788 Sed

123 831 196 896 dum
218 830 266 895 fui
282 833 394 914 postea
408 827 598 894 informatus
621 851 678 914 per
694 833 818 894 eertum
833 835 969 913 patrem,
994 831 1077 914 quod
1101 850 1163 894 non
1190 834 1272 894 ansel

120 960 228 1004 verum
253 937 292 1002 de
314 937 443 1017 littera,
465 936 519 1001 sed
542 941 655 1000 essenl‘
669 936 800 1001 indubie
825 935 1107 1014 exeommunicati,
1138 938 1170 999 eb
1193 957 1272 1000 swa-

123 1045 217 1110 debal
239 1042 370 1108 omnino
393 1040 482 1120 mihi,
506 1045 543 1106 ub
558 1063 711 1106 cessarem
736 1042 983 1107 aeelebralione
1006 1042 1109 1120 misae,
1134 1041 1215 1125 quod
1241 1045 1274 1106 εὴ

122 1147 182 1214 leci
205 1153 238 1214 εὴ
261 1147 331 1232 ipsa
353 1147 404 1212 die
426 1169 489 1212 non
513 1147 579 1212 dixi
601 1149 729 1212 misaam
750 1168 808 1212 nee
830 1148 1006 1231 deinceps.‹
1055 1146 1097 1210 El
1120 1169 1192 1212 aum
1215 1168 1272 1211 au-

122 1255 218 1319 disset
242 1252 412 1318 cardinalis
436 1275 551 1332 casum,
574 1254 756 1338 respondit:
792 1252 938 1319 »Fralefl
969 1274 1029 1338 ego
1052 1253 1180 1318 absolvo
1203 1255 1270 1318 tel<

122 1364 153 1424 εὴ
172 1359 253 1440 leaib
276 1379 401 1424 erucem
424 1363 456 1423 el
478 1359 576 1424 dixit:
602 1357 721 1438 Nede,
745 1359 794 1425 die
814 1360 943 1424 missam
966 1363 997 1424 εὴ
1019 1379 1076 1424 ora
1098 1359 1190 1424 deum
1213 1379 1272 1442 pro

120 1468 206 1530 mel«
254 1461 369 1528 Postea
384 1463 579 1550 interrogavi
602 1485 675 1530 suos
697 1463 831 1529 curiale·
846 1465 1026 1548 magistros,
1049 1467 1157 1528 utrum
1181 1462 1271 1528 suffi-

122 1574 224 1647 aerel3
247 1569 494 1653 responderunl:
527 1569 631 1635 »Ymo
653 1592 708 1636 vos
732 1571 807 1635 estis
829 1569 993 1635 absolutus
1016 1575 1048 1633 εὴ
1071 1569 1270 1633 restitutum.

122 1671 259 1739 Demum
281 1675 363 1738 dixit
385 1675 500 1740 ilerum
517 1677 795 1741 reverendissimus
810 1675 996 1741 cardinalis:
1023 1673 1170 1753 »Fraterl
1194 1674 1270 1760 quid

120 1779 219 1844 vullis
250 1779 428 1862 amplius&
478 1779 545 1864 Ego
577 1782 713 1847 aiebam:
752 1781 1044 1846 »Reverendiaaime
1077 1801 1114 1844 aa
1137 1799 1271 1864 genero-

121 1885 244 1950 sissime
259 1883 401 1949 domine!
424 1884 515 1950 Delia
530 1887 610 1952 mihi
626 1887 752 1952 litteras
774 1891 806 1952 εὴ
821 1887 1049 1966 testimonium,
1074 1887 1157 1971 quod
1173 1885 1271 1950 simus

121 1992 186 2056 veri
211 1990 328 2056 fratrea
350 1991 388 2055 de
410 1989 615 2073 Ihernmlem,
639 1997 671 2056 el
694 1992 946 2058 recommendate
969 2012 1026 2057 noa
1049 1990 1180 2074 prelatis
1204 1989 1270 2073 spi-

119 2095 323 2160 ritualibus«.
368 2095 546 2181 Respondit
575 2119 633 2162 aua
655 2097 760 2182 gralia
783 2097 909 2162 diceus:
945 2095 1118 2162 >Libenter
1140 2116 1199 2181 ego
1222 2095 1270 2158 fa·

119 2203 200 2266 aiam
221 2201 313 2266 vobis
343 2199 410 2266 dari
435 2224 619 2288 generosam
640 2203 817 2268 lituram«.
864 2202 960 2268 Cuius
983 2202 1086 2266 forma
1121 2205 1153 2265 εὴ
1178 2204 1271 2265 tenor

119 2307 265 2394 sequitur
287 2311 321 2372 εὴ
343 2311 390 2372 eal
412 2309 526 2374 talia¹

687 2431 704 2462 ff

193 2501 206 2555 l
224 2500 292 2556 Hier
309 2499 403 2555 briahl
421 2500 507 2556 leider
526 2501 574 2557 der
588 2500 766 2557 reiaeberiebt
786 2501 830 2555 ab.
868 2487 943 2556 llber
963 2499 1008 2556 die
1020 2500 1153 2555 weiteran
1165 2498 1270 2554 achialo-

119 2589 179 2644 eale
196 2604 310 2643 unsaros
323 2587 437 2658 pilgera‚
453 2587 510 2642 und
524 2587 671 2644 besondere
690 2587 757 2642 liber
776 2587 820 2642 die
833 2589 921 2658 frage,
940 2588 975 2644 ob
994 2587 1050 2642 und
1064 2587 1115 2642 wie
1134 2604 1163 2642 er
1176 2586 1266 2642 aeiner

118 2675 250 2746 ausgabe,
270 2675 397 2731 almoeen
414 2675 473 2730 lbra
492 2675 530 2732 bl.
548 2675 617 2731 land
636 2695 669 2730 au
687 2677 832 2740 eammeln,
852 2676 1055 2732 naehliommea
1073 2676 1187 2738 kambe,
1208 2673 1266 2742 vgl.

115 2765 165 2821 dae
184 2765 215 2821 in
234 2765 286 2821 der
307 2763 471 2835 Einleitung
489 2765 526 2820 xl
544 2764 573 2818 ff.
592 2766 717 2834 gesagle.
