3062 4938
826 295 869 366 48

273 474 386 560 glorie.
432 473 513 542 Tum
536 477 613 561 qnia
634 497 689 542 vos
711 476 858 560 potestis;
882 497 953 540 nam
977 495 1072 540 sanus
1096 478 1128 540 et
1144 471 1238 538 fortis
1254 469 1329 536 estis
1352 491 1416 535 cor·

275 604 361 666 pore.
409 581 450 646 Et
472 582 543 647 ideo
564 581 655 646 nulla
671 585 814 646 remanet
828 581 917 645 robis
933 577 1108 655 axcusatim
1131 576 1232 642 nichil
1255 576 1336 641 enim
1360 575 1418 639 im·

275 687 363 769 pedit
386 708 442 750 nec
466 692 594 752 excusat
625 689 657 752 in
691 687 749 752 illo
780 707 853 752 casu
881 685 943 748 nisi
971 689 1114 748 extrema
1136 682 1321 758 iufirmitas,
1350 702 1420 766 ymo

274 793 344 856 dico
368 793 399 855 in
425 797 566 856 extrema
588 793 770 876 egritudine
794 813 848 857 ros
869 789 1022 856 tenemini
1038 809 1198 854 assumere
1220 786 1366 852 habitum
1389 791 1420 849 et

275 898 307 962 in
332 897 387 961 illo
410 897 491 962 mori
516 901 548 962 et
571 898 696 962 salvari.
744 897 786 961 Et
807 896 939 975 scitote,
968 895 1051 979 quod
1074 895 1222 958 voluntas
1244 893 1313 958 sola
1335 889 1421 956 nullo

277 1003 367 1066 modo
390 1001 510 1068 sufficit
532 1003 612 1083 iarn,
645 1003 721 1088 quia
742 1002 832 1066 vobis
854 1001 962 1066 subest
984 1000 1120 1066 facultas
1143 998 1287 1064 faciendi.
1334 995 1421 1060 Etsi

274 1129 337 1171 uon
354 1105 495 1172 feceritis
517 1129 588 1174 cum
612 1109 757 1192 potestis,
781 1107 866 1172 forte
884 1107 960 1172 dens
978 1105 1141 1170 subtrabit
1162 1103 1253 1170 vobis
1275 1103 1421 1186 gratiam,

275 1214 358 1298 quod
379 1219 455 1279 tuuc
470 1237 534 1279 non
549 1217 695 1298 potestis,
719 1215 844 1299 quando
860 1212 1001 1277 libenter
1015 1210 1172 1289 faceretis,
1197 1214 1229 1273 et
1245 1208 1332 1273 dicat
1348 1211 1421 1271 tnnc

275 1319 351 1382 daus
374 1325 484 1384 contra
507 1341 560 1384 vos
584 1321 665 1385 illud
688 1319 836 1386 terribile
858 1319 1009 1384 verbum:
1044 1316 1148 1381 »Dum
1171 1314 1288 1400 potuit,
1311 1313 1424 1391 noluit,

277 1425 349 1488 dum
374 1423 491 1504 voluit,
514 1427 688 1511 nequivit«
735 1425 816 1490 Tum
841 1425 937 1490 etiam
961 1423 1100 1508 effugere
1123 1423 1236 1506 penam
1260 1422 1292 1483 et
1315 1417 1391 1483 conf
1409 1451 1423 1466 ·

275 1528 394 1592 sionem
412 1530 627 1612 temporalem.
675 1529 757 1595 Nam
774 1533 860 1596 certe
875 1530 901 1594 si
920 1531 1042 1594 reniret
1056 1529 1095 1593 ad
1118 1527 1229 1604 lucem,
1253 1525 1337 1589 iuste
1351 1523 1424 1586 sub-

279 1635 502 1719 mergeremiui
519 1633 538 1702 ¹.
585 1635 665 1712 Quid
690 1641 766 1702 tuuc
781 1637 943 1720 prodesset
957 1635 1060 1700 omnis
1077 1633 1177 1698 bonor
1193 1631 1314 1706 mundi,
1339 1633 1372 1692 et
1393 1626 1424 1690 in

275 1738 339 1803 fine
361 1745 483 1804 tautam
508 1741 727 1806 confusionem
749 1743 849 1819 vobis,
872 1740 963 1804 uxori
988 1744 1020 1804 et
1042 1739 1149 1822 pueris
1173 1736 1302 1801 facere?
1348 1733 1424 1798 Sur·

276 1845 343 1929 gite
366 1865 443 1928 ergo
465 1845 617 1910 velociter
640 1853 673 1910 et
689 1846 838 1911 festinate
863 1845 949 1910 exire
965 1845 1121 1910 decenter·
1136 1847 1169 1907 at
1183 1841 1328 1919 honeste,
1352 1839 1426 1902 dum

277 1947 379 2014 adhuc
402 1951 550 2033 potestis.
595 1950 636 2015 Et
669 1952 775 2034 primo
805 1950 966 2034 postulate
996 1951 1037 2014 ab
1069 1969 1166 2012 uxore
1201 1945 1365 2010 licentiam
1388 1943 1427 2007 ad

275 2053 388 2120 limina
410 2061 591 2121 sanctorum
619 2055 704 2122 Petri
730 2058 767 2122 ed
791 2056 882 2121 Pauli
905 2059 961 2120 aut
990 2056 1028 2120 ad
1051 2055 1149 2118 alium
1172 2052 1286 2118 locum.
1337 2047 1427 2113 Etsi

1520 1287 1522 1364 l

275 2160 347 2238 dat,
381 2161 498 2226 bonum
529 2165 587 2226 est.
633 2160 723 2226 Tunc
746 2163 868 2227 debetis
890 2163 1056 2245 disponere
1071 2157 1208 2242 ¹singula
1239 2157 1323 2222 bona
1346 2160 1426 2219 tem·

276 2265 415 2349 peratis,
449 2271 482 2330 et
516 2265 624 2331 debita
646 2267 769 2330 solvere
799 2272 832 2330 et
859 2267 949 2330 uxori
973 2266 1137 2330 ostendere
1160 2267 1193 2328 et
1215 2261 1427 2326 committere.
1522 2287 1523 2314 τ

277 2369 319 2434 Et
341 2371 366 2434 si
392 2371 468 2434 estis
490 2375 641 2454 gravatus
664 2372 757 2436 malis
778 2371 925 2456 aquisitis
945 2370 1175 2454 temporalibus
1198 2367 1289 2432 bouis
1313 2372 1347 2431 et
1371 2365 1428 2432 ob·

276 2475 396 2559 ligatus
419 2479 457 2540 ad
482 2475 735 2554 restitutionem,
767 2476 891 2541 faciatis
914 2477 1018 2560 prius,
1041 2476 1066 2538 si
1091 2474 1244 2558 potestis,
1267 2477 1429 2558 prompte.

280 2578 313 2644 Si
336 2585 443 2646 autem
467 2585 615 2664 prompte
637 2603 699 2646 non
723 2581 867 2665 potestis,
890 2582 1043 2648 tenemini
1068 2580 1195 2646 mulieri
1209 2578 1356 2663 singulas
1380 2599 1429 2642 re·

277 2685 461 2750 stitutiones
477 2685 636 2750 faciendas
652 2708 808 2770 exponere
830 2691 863 2752 et
885 2709 980 2772 super
1003 2709 1071 2752 eam
1091 2707 1209 2770 ponere
1225 2685 1348 2750 diceus:
1375 2682 1428 2746 »si

1522 2709 1524 2742 l

1522 2761 1524 2790 l

279 2791 405 2870 moriar,
428 2791 612 2874 priusquam
638 2792 812 2871 reveniam,
840 2793 914 2856 deus
938 2794 1028 2857 norit
1050 2792 1172 2869 omnia,
1204 2795 1240 2855 tu
1263 2789 1432 2874 promittis

277 2896 356 2959 mibi
372 2895 540 2959 restituere
556 2894 734 2980 unicuique,
757 2896 840 2960 sicut
863 2897 928 2960 dixi
952 2895 1042 2961 tibi«
1090 2895 1131 2960 Et
1153 2895 1199 2960 sic
1215 2895 1353 2980 siugulis
1377 2915 1432 2960 or·
1523 2897 1524 2970 ξ

277 2999 395 3064 diuatis
417 2999 506 3064 licite
521 3000 656 3082 potestis
678 3005 712 3064 et
734 3000 852 3085 absque
870 2998 1087 3068 couscientia¹
1112 3001 1218 3066 omnia
1242 3001 1325 3066 bona
1349 2999 1429 3064 resi·
1523 2983 1524 3054 l

277 3105 339 3169 dna
369 3105 443 3170 dare
473 3109 506 3168 et
529 3104 710 3190 relinquere
740 3106 866 3170 mulieri
896 3113 929 3171 et
958 3107 1064 3190 pueris
1086 3112 1219 3190 propter
1241 3091 1365 3172 deum.⁸
1396 3103 1431 3168 si

278 3214 383 3273 autem
409 3209 522 3272 mulier
546 3231 607 3273 uon
624 3211 694 3276 vult
712 3211 799 3276 vobis
822 3212 896 3275 dare
918 3233 987 3276 cum
1010 3233 1087 3296 pace
1103 3211 1274 3292 licentiam,
1298 3212 1434 3296 fingatis

277 3315 366 3380 vobis
397 3335 522 3378 causam
552 3320 584 3379 et
616 3317 834 3380 necessitatem
864 3323 897 3382 et
919 3317 1084 3402 exponatis
1116 3317 1187 3382 sibi.
1235 3317 1276 3382 ldt
1299 3318 1431 3382 demum

279 3418 414 3483 recedite
437 3417 518 3482 claui
541 3441 612 3484 cum
637 3421 728 3484 beato
750 3419 890 3506 loseph,
915 3423 971 3508 qui
993 3422 1116 3488 occulte
1139 3422 1240 3486 voluit
1263 3423 1433 3488 dimittere

281 3523 412 3586 Mariam
435 3523 652 3601 innocentem
684 3527 729 3590 sic
760 3531 792 3591 et
814 3549 869 3592 vos
891 3534 1029 3594 vestram
1053 3529 1253 3592 innocentem
1277 3549 1433 3612 sponsam

281 3613 442 3691 dimittere
465 3629 586 3692 debetis
609 3630 740 3698 occulte.
791 3631 830 3696 Et
846 3635 991 3713 caveatis,
1016 3655 1056 3696 nc
1083 3633 1301 3698 scandalizetis
1323 3655 1435 3719 neque

279 3732 479 3796 confundatis
501 3754 567 3797 eam
592 3739 625 3798 et
647 3757 778 3820 pueros,
803 3737 879 3822 quie
901 3738 1056 3802 immunes
1079 3743 1164 3817 sunt,
1188 3739 1309 3804 tamdiu
1333 3739 1434 3823 igno-

847 3865 866 3900 ᾖ

350 3938 363 3992 l
385 3937 453 3994 Eine
471 3939 739 4000 kirchenreehtllcbe
756 3945 960 4016 bestimmnng,
991 3945 1063 4002 nach
1082 3944 1202 4001 walcher
1219 3945 1265 4001 die
1284 3947 1436 4016 apostasia

195 4027 201 4038 “
279 4044 297 4080 a
314 4025 440 4096 religone
470 4027 536 4084 oder
555 4030 605 4086 das
625 4032 838 4089 matrimonium
858 4037 1033 4090 attentatum
1062 4035 1115 4090 mit
1143 4034 1207 4089 dern
1226 4035 1291 4091 todo
1318 4035 1369 4090 des
1390 4053 1437 4091 er·

278 4113 413 4169 arannem
434 4114 553 4172 bestralt
571 4119 680 4174 werden
700 4123 820 4185 mdeste,
850 4122 929 4191 giebt
955 4140 983 4178 es
1008 4123 1095 4178 nicht.
1133 4123 1168 4177 Es
1185 4141 1261 4177 muse
1280 4123 1339 4179 sich
1359 4124 1437 4190 hier,

279 4219 360 4256 wenn
374 4202 474 4258 andere
488 4203 631 4261 Walthcrs
644 4209 755 4276 nngabe
769 4210 874 4279 ricbtig
891 4209 935 4274 ist,
954 4211 1067 4280 speaiell
1085 4227 1132 4264 um
1144 4209 1206 4265 eine
1220 4211 1439 4268 venetianische

279 4289 543 4364 strafbestimmung
560 4294 693 4351 handelu.
798 4299 816 4351 2
836 4297 866 4351 D.
886 4299 913 4354 h.
932 4298 1004 4353 obus
1022 4298 1080 4352 sich
1106 4296 1152 4352 ein
1169 4298 1304 4368 gewisaen
1324 4298 1439 4355 darana

280 4377 396 4434 masten
414 4397 447 4432 zu
467 4385 585 4438 mussan.
