3054 4942
799 334 864 400 240

261 512 387 576 Arabus
412 511 527 596 petivit
550 533 569 574 a
590 531 641 575 me
657 509 826 574 modinum.
873 507 941 592 Ego
964 507 1040 588 dixi,
1063 510 1208 576 dominus
1227 509 1326 576 vellet
1347 511 1411 575 sibi

257 617 332 680 dare
364 617 455 681 iuxta
477 619 623 699 portam;
656 614 723 697 ipse
745 634 820 678 vero
854 614 959 678 noluit
983 621 1149 699 expectare
1182 617 1235 682 sed
1259 619 1411 700 prompte

256 721 383 800 habere,
406 726 531 786 etcum
555 743 620 784 non
644 719 740 784 habui
764 725 796 783 et
827 719 973 784 dominus
995 720 1058 784 fuit
1080 725 1165 800 ante,
1188 721 1289 786 traxit
1304 742 1409 785 oame-

258 827 325 890 lum
349 831 596 911 superterram,
619 831 652 890 et
667 825 811 889 descendi
835 825 1008 890 frustratus
1034 827 1258 906 oonsolatione,
1281 829 1315 890 et
1337 847 1409 890 oum

258 931 318 996 hoe
340 933 434 1010 viam,
459 953 555 1016 quam
580 931 706 1014 neglexi
729 929 924 993 ascendendo
953 934 986 994 et
1008 931 1221 997 deseendendo
1242 931 1409 1006 camelum,

257 1038 427 1120 oportebat
448 1057 499 1101 me
530 1056 601 1100 oum
625 1055 741 1119 magna
763 1031 956 1116 fatigatione
979 1056 1137 1100 resumere
1159 1036 1314 1102 currendo
1336 1039 1410 1120 post

257 1141 345 1206 alios.
393 1141 434 1206 Et
457 1142 541 1206 eirea
568 1159 712 1205 oceasum
747 1138 823 1202 solis
845 1139 989 1204 venimus
1020 1140 1103 1204 infra
1137 1145 1246 1224 portas
1268 1139 1411 1205 civitatis

257 1246 459 1327 Alexandrie,
483 1251 516 1310 et
538 1244 584 1308 ibi
606 1243 806 1308 incluserunt
828 1264 885 1308 nos
908 1265 965 1327 per
983 1251 1120 1330 portam,
1144 1267 1205 1330 que
1229 1248 1299 1310 erat
1321 1250 1409 1310 retro

256 1373 323 1428 nos,
347 1355 379 1414 et
402 1372 460 1434 per
475 1349 576 1428 illam,
600 1369 661 1432 que
678 1352 747 1412 erat
762 1351 837 1412 ante
860 1368 926 1413 nos.
973 1347 1023 1413 Ibi
1040 1349 1142 1414 solum
1158 1371 1256 1433 panes
1280 1355 1313 1416 et
1336 1351 1407 1414 dat·

257 1456 340 1521 totos
354 1459 537 1539 poteramus
552 1474 745 1537 comparare,
769 1457 801 1517 et
816 1453 964 1518 stetimus
986 1454 1031 1518 ibi
1055 1475 1113 1538 per
1135 1459 1261 1520 noctem
1285 1455 1373 1539 eapti
1386 1455 1408 1518 ¹.

257 1561 338 1626 Item
374 1561 412 1626 de
446 1582 538 1624 mane
573 1558 653 1623 feria
686 1565 775 1622 sexta
808 1562 883 1622 ante
906 1557 1044 1624 Simonis
1079 1564 1111 1624 et
1132 1558 1216 1624 Jude
1241 1559 1299 1642 [24
1321 1557 1408 1643 Oet]

256 1670 376 1750 apertis
410 1665 512 1749 portis
534 1664 737 1728 intraverunt
759 1662 888 1742 oameli,
919 1664 1043 1728 onerati
1066 1665 1279 1730 mercimoniis
1301 1666 1410 1743 variis,

257 1771 331 1855 plus
355 1793 449 1855 quam
472 1773 601 1834 eentum
623 1773 655 1832 et
678 1768 928 1852 quinquaginta,
957 1773 989 1832 st
1011 1767 1078 1832 illis
1101 1770 1293 1834 intromissis
1315 1791 1408 1854 oepe-

259 1881 336 1941 runt
359 1875 547 1952 daeionarii,
571 1873 627 1958 qui
649 1875 759 1937 sedent
782 1873 932 1938 continue
955 1872 1040 1937 infra
1063 1873 1134 1938 illas
1156 1881 1281 1958 portas,
1313 1896 1409 1960 agere

257 1980 540 2065 comperegrinis.
586 1979 628 2042 Et
644 1982 835 2043 vocaverunt
865 1978 1005 2062 primum
1027 2001 1187 2062 personas,
1211 2003 1311 2046 unum
1334 1985 1409 2064 post

257 2088 366 2166 alium,
390 2087 476 2150 intra
500 2088 624 2170 portas,
649 2084 863 2168 deposuerunt
885 2084 929 2148 eis
951 2085 1117 2167 superiora
1138 2087 1345 2164 vestimenta,
1376 2088 1410 2150 et

257 2194 429 2278 diligenter
452 2193 628 2276 querebant
650 2213 669 2253 a
691 2189 796 2273 eapite
819 2210 919 2274 usque
950 2190 989 2254 ad
1019 2212 1097 2254 anus
1127 2191 1191 2255 euli
1214 2191 1345 2256 ducatos
1376 2195 1410 2254 et

257 2319 387 2374 aurum,
412 2297 450 2362 de
473 2297 545 2360 aliis
568 2296 704 2362 monetis
728 2295 811 2359 nihil
835 2295 1004 2378 recipiunt.
1052 2295 1093 2360 m
1114 2297 1235 2380 singuli
1264 2297 1310 2360 sie
1333 2317 1409 2380 per·

257 2401 392 2469 scrutati
416 2401 561 2466 exierunt
582 2400 665 2464 servi
690 2401 728 2464 ad
751 2399 940 2478 saorinolas,
973 2400 1152 2484 aperientes
1183 2407 1215 2465 et
1238 2407 1408 2486 querentes

258 2509 412 2586 studiose,
446 2511 478 2570 et
500 2507 654 2590 quidquid
685 2507 723 2570 de
746 2506 959 2570 mercimoniis
993 2509 1025 2570 et
1048 2507 1085 2570 de
1107 2529 1184 2572 auro
1207 2509 1409 2584 invenerunt,

258 2616 457 2696 receperunt,
481 2633 538 2676 nso
561 2612 689 2677 reddere
706 2613 875 2676 voluerunt
897 2611 958 2676 nisi
981 2612 1095 2676 solutis
1111 2612 1292 2678 theoloniis.
1338 2611 1406 2678 Nos

259 2740 333 2784 vero
356 2719 471 2782 fratres
492 2717 631 2781 minores
654 2719 869 2800 permiserunt
890 2718 992 2782 libere
1014 2719 1168 2798 transire,
1202 2740 1259 2784 nee
1281 2719 1406 2803 quesie-

262 2828 339 2888 runt
361 2844 418 2887 neo
434 2828 623 2904 receperunt
645 2823 766 2907 aliquid
789 2823 826 2887 de
850 2825 943 2887 rebus
959 2825 1075 2888 nostris
1090 2822 1112 2888 ².
1160 2824 1201 2888 Et
1215 2824 1408 2889 intromissis

258 2928 404 2992 omnibus
432 2929 590 2992 duxerunt
619 2949 677 2992 nos
710 2951 779 2992 oum
812 2929 906 2992 rebus
937 2929 974 2992 ad
998 2929 1152 2994 sonticum
1182 2930 1203 2996 i.
1228 2951 1254 2993 e.
1278 2929 1406 2994 domum

259 3031 461 3098 Catellonum
482 3034 546 3097 sive
562 3039 773 3098 mercatorum
800 3035 837 3099 de
853 3033 1031 3098 Catellonia
1044 3033 1068 3098 ³.
1114 3033 1155 3098 Et
1176 3035 1222 3098 ibi
1238 3035 1408 3120 assignatis

826 3176 843 3206 ἥ

330 3281 341 3332 l
364 3277 447 3332 Fabri
465 3277 514 3343 ΙΙΙ,
540 3280 602 3333 144:
633 3277 800 3349 »Nunquam
828 3279 871 3334 ita
898 3279 972 3333 male
999 3277 1101 3332 fuimus
1128 3277 1251 3348 hospitio
1277 3277 1408 3347 recepti«.

259 3354 334 3421 Uber
352 3367 402 3421 das
414 3365 631 3434 eigentdmliohe
644 3368 856 3438 naehtquartier
873 3367 1008 3421 zwisohen
1027 3365 1082 3422 den
1100 3364 1167 3419 anei
1186 3366 1285 3421 thoren
1304 3364 1407 3421 aubert

258 3472 287 3510 er
307 3453 439 3525 dbrigens
457 3453 545 3524 grosse
563 3456 781 3510 zufriedenheit:
801 3455 988 3524 ‚quietissime
1006 3452 1214 3510 dormivimus«.
1291 3455 1308 3505 2
1327 3453 1406 3508 Naeh

257 3541 342 3597 Fabri
361 3541 409 3607 ΙΙΙ,
432 3544 481 3597 148
499 3560 558 3596 war
581 3543 627 3598 die
645 3542 862 3612 durchsuohung
884 3560 937 3596 nur
961 3541 1005 3597 bei
1031 3541 1085 3596 den
1103 3539 1263 3596 kaufleuten
1283 3557 1312 3596 so
1330 3542 1407 3610 pein-

258 3630 315 3684 tieb
333 3647 439 3699 genau.
468 3631 600 3685 wthrend
633 3631 678 3686 die
705 3631 797 3700 pilger
824 3631 940 3686 leiohter
967 3629 1158 3684 durehkamen
1188 3627 1244 3682 und
1268 3644 1296 3682 es
1321 3627 1407 3684 ibnen

258 3737 341 3788 sogar
360 3719 473 3788 gelang.
493 3719 565 3774 niele
583 3719 706 3775 zollbars
725 3719 917 3789 gegensttnda
935 3737 967 3772 zu
988 3718 1149 3786 verbergen.
1169 3731 1226 3769 was
1245 3715 1284 3770 sie
1303 3717 1407 3787 haupt·

258 3805 380 3859 sachliob
408 3807 457 3861 der
476 3807 663 3876 vermittlung
690 3807 738 3860 des
756 3807 927 3875 dragomans
945 3805 1101 3861 Sohambek
1131 3802 1187 3857 und
1211 3803 1301 3858 einem
1320 3805 1407 3860 briefs

258 3892 306 3947 des
325 3893 435 3947 sultuna
453 3911 486 3947 au
505 3893 665 3947 verdanken
686 3894 793 3947 hatten.
829 3891 952 3946 Priestsr
969 3891 1026 3946 und
1044 3891 1220 3947 ordensleute
1232 3909 1326 3947 waren
1346 3893 1406 3956 frei,

258 3999 316 4035 was
336 3981 419 4034 Fabri
447 3982 593 4044 benutate,
622 3999 669 4034 nm
697 3980 742 4033 fiir
767 3980 870 4035 andere
887 3981 980 4050 pilger
998 3979 1196 4050 aotlpfliohtigs
1215 3981 1407 4050 gegsnstande

257 4067 531 4138 sinzusobmuggeln.
637 4069 653 4122 3
673 4069 705 4122 In
718 4067 822 4122 diesem
835 4067 953 4124 fondaoo
966 4067 1070 4123 befand
1090 4067 1148 4121 sioh
1167 4068 1218 4122 das
1238 4069 1406 4139 »hospitium

258 4155 383 4208 omniurn
403 4155 626 4210 Christianorum
653 4155 889 4224 peregrinorum«,
917 4153 974 4208 und
1003 4172 1031 4210 es
1050 4153 1182 4210 wobnteu
1210 4155 1281 4208 anob
1309 4173 1407 4212 unsers

258 4243 350 4313 pilgsr
379 4243 433 4298 mit
460 4243 612 4299 ausnabme
633 4241 775 4296 Walthers
803 4241 859 4296 und
887 4243 975 4298 seinos
1003 4259 1138 4311 genossen
1166 4241 1239 4297 dort.
1276 4243 1358 4297 Hartf
1374 4247 1406 4300 76

259 4331 371 4386 wohnts
389 4333 428 4384 im
448 4331 566 4388 sondaoo
585 4331 633 4385 der
653 4330 835 4396 Venetianer,
854 4330 891 4386 da
909 4347 939 4386 er
957 4331 1036 4386 nieht
1054 4331 1097 4385 als
1116 4329 1207 4400 pilger
1226 4332 1345 4387 sondern
1364 4333 1406 4387 sls

258 4418 415 4474 kautmann
434 4420 524 4474 reiste.
