3054 4944
816 319 881 388 280

309 495 431 562 Iterum
454 496 492 560 de
515 496 607 561 domo
630 494 748 581 Pylati,
772 497 805 559 et
828 516 889 578 que
911 495 1029 560 iterum
1051 494 1136 560 faeta
1158 499 1235 560 sunt
1257 495 1386 562 ibidem.

362 651 369 665 .
396 651 402 664 .
428 652 434 667 .
460 601 506 684 [p.
523 600 602 683 244]
626 649 634 666 .
659 649 666 665 .
691 649 699 666 .
724 601 756 664 in
773 601 866 664 domo
887 598 986 664 Pilati
1092 601 1164 680 heu,
1187 599 1345 685 heuproh
1370 601 1424 666 do-

273 706 339 772 lor!
363 705 456 770 hodie
479 711 646 770 morantur
668 705 830 771 maledicti
853 706 990 789 pagani,
1026 725 1088 770 non
1111 711 1335 788 cognoscentes
1369 727 1425 788 per

274 813 382 876 lumen
406 809 480 874 fidei
497 808 625 876 lhesum
648 831 839 876 essenorum
856 811 949 876 deum
972 813 1005 874 et
1022 809 1193 888 bominem,
1216 831 1274 876 neo
1289 811 1424 894 permit·

274 921 348 981 tunt
371 913 569 979 Christianos
591 915 784 998 generaliter
818 914 950 979 intrare.
996 912 1118 978 Idoireo
1150 914 1228 979 foris
1260 915 1294 978 in
1317 913 1426 999 platea

273 1020 452 1086 ostenditur
475 1019 520 1083 eis
543 1020 663 1100 domus,
689 1024 721 1084 et
736 1022 938 1103 exponuntur
961 1018 1005 1082 eis
1027 1039 1126 1104 opera
1141 1019 1257 1085 ibidem
1273 1019 1370 1100 faeta,
1394 1025 1427 1084 et

273 1127 318 1190 ibi
342 1125 376 1188 in
399 1124 451 1188 via
467 1123 661 1189 rofferuntur
683 1124 741 1189 deo
758 1125 936 1209 gratiarum
953 1125 1093 1189 sationes
1118 1173 1176 1189 ...
1211 1124 1426 1208 Dispositione

273 1236 378 1296 autem
402 1229 510 1294 divina
525 1229 664 1294 contulit
685 1228 765 1293 mihi
781 1228 928 1294 dominus
951 1231 1037 1294 inter
1059 1233 1165 1294 cetere
1188 1231 1269 1296 hano
1284 1230 1424 1314 gratiam

272 1358 330 1420 per
346 1334 502 1420 quendam
517 1333 650 1418 fratrem
674 1333 738 1399 mei
753 1334 884 1414 ordinis,
908 1335 963 1419 qui
980 1334 1161 1419 aliquorum
1176 1333 1425 1400 Sarraoenorum

273 1444 433 1505 morantes
456 1440 546 1503 iuxta
567 1437 655 1504 illam
679 1439 808 1504 domurn
833 1438 946 1504 habuit
961 1439 1127 1516 notitiam
1152 1444 1185 1503 et
1206 1439 1259 1503 isti
1275 1439 1425 1504 obtinue-

273 1551 350 1610 runt
373 1545 464 1610 nobis
479 1545 643 1610 licentiam
658 1545 810 1615 intrandi.
856 1544 898 1609 llt
921 1545 965 1610 sio
990 1545 1037 1608 bis
1053 1545 1202 1609 inductus
1217 1565 1304 1618 sum;
1328 1543 1426 1608 semel

273 1672 373 1736 usque
396 1650 483 1714 intus
505 1651 538 1714 in
554 1649 720 1728 talamum,
743 1649 799 1714 ubi
822 1648 881 1714 heo
902 1649 1010 1714 omnia
1025 1648 1170 1732 predicta
1187 1645 1314 1712 Christo
1330 1645 1426 1712 Ihesu

272 1763 348 1822 sunt
369 1755 454 1820 faeta
477 1761 510 1820 et
532 1755 641 1834 illata,
677 1753 741 1818 alia
763 1755 831 1818 vioe
854 1755 958 1819 solum
980 1753 1140 1838 usquead
1164 1753 1309 1832 ianuam,
1341 1753 1423 1836 quod

274 1860 366 1945 potui
388 1860 476 1925 intus
494 1861 600 1926 videre
624 1863 656 1924 et
677 1880 802 1942 semper
824 1880 895 1924 oum
919 1858 1134 1938 festinatione,
1160 1859 1241 1942 quod
1258 1857 1311 1922 vix
1335 1857 1424 1940 potui

272 1967 376 2032 dioere
398 1965 495 2032 Pater
526 1971 634 2031 noster
667 1970 698 2030 et
733 1965 795 2029 duo
819 1965 886 2028 Ave
909 1963 1011 2028 illaria
1045 1968 1077 2027 at
1106 1984 1205 2028 uuum
1228 1960 1337 2028 Credo.
1386 1961 1426 2024 Et

272 2077 348 2138 sunt
370 2071 415 2136 ibi
439 2071 639 2157 indulgentie
668 2076 789 2154 septem
812 2091 966 2136 annorum
1003 2075 1036 2134 ot
1057 2074 1177 2154 septem
1201 2089 1388 2134 caronarum
1404 2067 1424 2131 ¹.

302 2176 351 2264 [p.
374 2175 458 2263 245]
483 2175 531 2242 De
554 2178 623 2244 loeo
647 2177 725 2242 bivii
748 2177 831 2242 eirea
854 2180 991 2260 portam,
1013 2175 1068 2240 ubi
1089 2173 1210 2259 Symon
1235 2171 1395 2259 cyreneus

705 2281 771 2347 fuit
793 2281 988 2366 angariatus.

360 2385 464 2462 Quum
480 2391 586 2450 autern
608 2387 746 2452 venisset
768 2407 868 2472 usque
890 2385 928 2450 ad
945 2385 1075 2464 bivium,
1099 2384 1182 2468 quod
1204 2384 1297 2450 hodie
1320 2385 1423 2449 estin

273 2493 333 2572 via,
357 2513 418 2578 que
443 2490 533 2556 duoit
555 2491 594 2556 ad
611 2496 746 2574 portam,
771 2513 832 2576 que
855 2499 903 2556 est
926 2491 964 2555 ad
977 2490 1169 2575 aquilonem,
1193 2494 1225 2555 et
1239 2487 1351 2555 Ihesus
1374 2493 1423 2555 ni·

271 2597 331 2660 mis
347 2596 503 2679 fatigatus
527 2645 535 2660 .
560 2646 568 2660 .
594 2647 600 2660 .
626 2597 797 2662 oorruisset
819 2601 1060 2680 superterram,
1084 2596 1292 2679 dispositione
1317 2597 1424 2662 divina

272 2701 360 2765 venit
383 2701 511 2785 quidam
536 2701 584 2764 vir
607 2722 729 2786 pauper
752 2703 790 2766 de
806 2701 884 2766 villa
900 2702 1026 2766 nomine
1042 2699 1162 2785 Symon
1178 2699 1340 2786 Cyreneus
1354 2750 1364 2767 .
1380 2755 1387 2770 .
1406 2753 1425 2781 .,

271 2828 366 2892 quem
389 2805 488 2890 elegit
511 2804 623 2870 Ihesus
645 2856 653 2871 .
679 2855 686 2872 .
710 2855 718 2872 .
742 2807 803 2870 sibi
827 2807 861 2872 in
884 2807 1006 2872 sooium
1029 2805 1184 2889 passionis
1209 2853 1266 2872 ...
1300 2805 1342 2871 nt
1365 2809 1424 2874 isto

839 2930 855 2960 ff

271 3003 346 3052 wdre
366 3015 419 3054 von
439 2997 504 3054 dort
523 2997 602 3052 nieht
620 3015 673 3052 nur
693 2997 765 3052 nach
785 2997 863 3062 Rom,
893 2997 1013 3054 sondern
1031 2999 1102 3052 uuoh
1121 2997 1192 3051 nach
1211 2997 1275 3051 Pisa
1293 2999 1358 3052 erde
1378 3016 1423 3068 ge·

271 3085 371 3140 braoht
391 3085 512 3142 worden.
550 3081 664 3149 Tobler,
684 3084 750 3154 Top.
770 3085 807 3150 Il,
826 3085 878 3140 272
897 3083 960 3139 halt
977 3083 1059 3140 beide
1077 3085 1209 3154 angeben
1229 3087 1273 3138 fiir
1291 3086 1355 3140 sehr
1374 3105 1423 3140 un·

270 3171 508 3227 wahrsoheinlioh.
545 3169 802 3226 NaehGhist.101
833 3173 933 3226 hatten
961 3189 1014 3226 nur
1042 3169 1086 3226 die
1105 3171 1251 3228 Armenier
1278 3173 1323 3227 ein
1346 3175 1424 3228 recht

270 3259 384 3328 gehabt.
404 3259 455 3313 auf
472 3259 576 3313 diesem
595 3259 679 3313 soher
698 3259 839 3330 begraben
858 3277 892 3313 nu
911 3259 1031 3315 werden.
1068 3259 1113 3316 Sis
1132 3260 1232 3316 htttten
1252 3263 1320 3317 aber
1338 3281 1424 3332 gerne

271 3347 328 3401 alle
347 3345 469 3401 christon
497 3347 550 3400 mit
570 3347 724 3403 ensnshme
751 3347 800 3402 der
819 3347 954 3418 Georgier
983 3347 1048 3404 dort
1066 3363 1156 3418 gagen
1175 3347 1236 3404 sine
1254 3347 1348 3404 lrleine
1367 3355 1423 3406 ent-

270 3433 446 3503 schadigung
464 3434 606 3502 begraben
625 3437 726 3492 lusson.
763 3435 847 3490 Fabri
866 3435 995 3505 dagegsn
1016 3441 1096 3506 sagt,
1125 3435 1189 3490 dass
1216 3435 1265 3490 der
1284 3437 1367 3493 soher
1386 3439 1430 3492 im*

272 3519 373 3575 basitzo
391 3520 575 3588 griechischer
594 3523 716 3584 mdnoha.
738 3522 899 3592 »Celegeri«
921 3523 992 3592 (vgl.
1010 3541 1032 3577 1.
1050 3521 1084 3580 80
1097 3541 1172 3578 anm.
1189 3525 1214 3592 1)
1233 3541 1360 3593 genesen
1378 3528 1424 3590 uei,

271 3608 374 3663 welche
392 3606 459 3662 aber
477 3608 587 3676 wenige
601 3609 684 3678 jahre
704 3627 753 3665 vor
772 3609 862 3664 seiner
881 3611 1074 3666 anwesenbeit
1092 3611 1142 3666 ibn
1161 3613 1261 3667 hatten
1282 3615 1424 3670 verlamen

270 3701 391 3750 1111111111.

340 3785 353 3837 l
373 3783 452 3837 Auoh
470 3781 745 3840 Τ11111131611.360
766 3785 823 3839 und
842 3785 938 3841 Rieter
957 3787 1025 3842 601.
1042 3804 1137 3842 waren
1153 3788 1184 3842 in
1203 3787 1306 3843 diesem
1326 3790 1421 3846 hause.

269 3871 353 3925 Fabri
370 3868 437 3923 ham
455 3869 534 3924 nicht
553 3871 655 3925 binein.
693 3870 762 3926 Sehr
780 3890 874 3942 genau
900 3873 951 3929 hat
971 3875 1110 3946 Pfintaing
1128 3875 1209 3946 (1436
1227 3893 1254 3930 u.
1275 3878 1355 3948 1440)
1374 3879 1425 3933 das

268 3956 371 4014 tudere
390 3957 438 4011 des
458 3957 557 4012 hauses
576 3959 770 4016 bescbrieben:
792 3963 864 4018 »Dar
883 3964 1001 4018 ratbaus
1019 3964 1071 4018 hat
1089 3964 1159 4034 drsy
1177 3966 1225 4018 tiir
1243 3981 1298 4034 gen
1317 3966 1425 4036 mittag

268 4062 362 4110 werce,
382 4044 427 4100 die
446 4049 519 4100 erste
537 4049 587 4115 get
606 4047 635 4100 in
654 4047 699 4102 ein
712 4051 843 4114 marstal,
863 4069 893 4120 sy
913 4050 951 4105 ist
969 4051 1045 4106 einer
1058 4052 1163 4108 lrlolter
1175 4051 1242 4106 weit
1260 4051 1314 4106 mit
1333 4052 1424 4108 einem

268 4133 377 4200 nydern
395 4150 561 4204 swypogen3
580 4134 626 4190 die
644 4135 732 4191 ander
750 4137 788 4192 111
807 4137 946 4193 viereelret
964 4139 1036 4194 boob
1055 4139 1112 4194 und
1125 4139 1206 4205 weid,
1224 4138 1260 4196 do
1278 4139 1367 4196 durch
1386 4141 1424 4196 111

267 4236 351 4276 unser
370 4221 434 4276 herr
452 4223 588 4291 geurteilt
606 4223 660 4277 mit
678 4223 742 4278 dem
761 4225 851 4280 krewa
870 4243 1032 4297 gegaugen.
1057 4227 1103 4282 die
1120 4227 1181 4282 selb
1200 4231 1246 4281 1111
1266 4227 1304 4281 111
1322 4245 1357 4281 au
1375 4243 1423 4296 ge·

268 4311 381 4371 mawrt;
400 4327 434 4362 zu
452 4309 502 4364 der
521 4309 629 4365 dritten
649 4315 696 4366 tilr
714 4315 763 4382 gat
782 4330 847 4367 man
861 4314 949 4383 syben
968 4313 1062 4369 staffel
1082 4317 1138 4378 sul,
1158 4333 1190 4384 sy
1209 4314 1335 4369 1111111111
1351 4333 1421 4384 span

267 4395 337 4451 hooh
357 4397 413 4451 und
428 4398 489 4453 also
500 4399 570 4453 weid
589 4401 632 4454 111
645 4401 717 4458 oben
727 4403 837 4472 gemalt
854 4402 918 4456 ist«.
941 4403 1026 4458 bobr.
1039 4405 1177 4467 Meissner,
1190 4403 1222 4458 ll.
1236 4402 1330 4474 Pilger
1344 4423 1367 4459 1.
1380 4406 1421 4461 93.
