3062 4938
818 310 862 378 46

267 485 405 556 Obsecro
427 495 459 555 te
482 489 623 554 domine!
657 490 697 554 da
725 495 758 554 et
787 490 862 556 huic
889 490 1046 574 peccatori
1070 487 1247 554 uberiorem
1275 487 1408 572 gratiam

268 595 437 660 secundum
462 617 554 660 suum
578 593 740 674 delictum,
764 595 866 659 libera
888 617 958 660 eum
975 599 1108 679 propter
1123 593 1261 677 gloriam
1276 592 1411 657 nominis

267 702 315 766 tui
339 699 508 766 avinculis
524 704 723 783 peccatorum
742 705 774 764 et
789 700 925 765 eliorum
940 701 1082 764 omnium
1104 700 1411 782 impedimentorum.

268 807 392 870 Adiuva
408 827 478 869 eum
495 809 628 888 propter
642 805 653 842 ¹
670 807 852 890 metipsum,
868 827 908 871 ne
925 807 1078 890 despicies
1093 826 1196 890 neque
1212 803 1411 888 derelinques

267 933 337 976 eum
360 915 493 994 propter
515 915 645 994 peccata
668 933 754 992 mea,
788 911 863 997 quia
885 911 1036 994 indignus
1067 932 1136 975 sum
1167 909 1320 974 exarrdiri.
1365 907 1412 972 Da

266 1015 415 1099 gratiam,
431 1015 561 1079 ostende
576 1015 783 1095 dulcedinem,
800 1017 850 1082 fac
861 1017 1030 1080 secundum
1045 1015 1304 1093 misericerdiam,
1320 1013 1412 1078 trahe

266 1144 337 1186 eum
360 1125 527 1206 potenter,
550 1122 653 1206 dirige
676 1144 746 1186 eum
771 1122 931 1205 sapienter
960 1125 994 1185 et
1025 1141 1101 1205 rege
1130 1142 1202 1185 eum
1231 1119 1412 1184 clementer.

267 1225 316 1291 Ne
338 1227 451 1310 perdas
474 1227 611 1290 animem
636 1227 703 1291 eius
726 1231 828 1290 morte
851 1230 1015 1310 perpetua,
1038 1225 1078 1289 de
1100 1225 1127 1288 ei
1152 1224 1288 1309 gratiam
1314 1224 1411 1288 confi·

266 1332 354 1396 tendi
378 1337 410 1396 et
432 1331 607 1416 plangendi
630 1337 760 1416 peccata
793 1352 850 1396 sua
883 1331 916 1395 in
951 1336 1094 1415 tempore
1117 1330 1251 1414 gracia«
1299 1328 1341 1392 ht
1370 1328 1415 1391 sic

266 1437 371 1521 sepius
387 1437 475 1501 oravi
491 1458 590 1521 usque
614 1437 652 1500 ad
669 1437 908 1521 preordinatum
924 1436 1015 1502 diem.
1063 1435 1195 1500 Interim
1212 1434 1317 1519 incepi
1332 1455 1412 1518 pon·
1522 1515 1524 1530 1

266 1543 376 1607 derare
399 1547 536 1626 quatuor
567 1543 599 1606 in
627 1543 774 1627 negotio:
807 1543 863 1607 scl.
887 1563 1073 1625 personam,
1096 1545 1234 1618 statum,
1259 1541 1359 1604 vitam
1383 1543 1415 1602 et
1522 1533 1524 1606 l

267 1652 402 1731 tempus.
448 1647 558 1712 Primo
581 1669 766 1731 personam,
798 1648 881 1733 quod
905 1648 1055 1732 religiosa
1086 1646 1228 1730 professa
1256 1649 1288 1709 et
1310 1643 1415 1708 tribus

267 1755 348 1818 votis
364 1752 630 1817 substantialibus
652 1753 763 1836 ligata.
809 1751 946 1829 Statum,
972 1751 1055 1835 quod
1079 1752 1223 1817 sacerdos
1237 1750 1415 1826 ordinatus,

266 1859 413 1923 crismate
436 1860 587 1922 inunctus
610 1861 643 1921 et
666 1853 852 1922 caractere*
876 1857 1050 1942 insignitus
1078 1863 1111 1922 et
1132 1857 1225 1922 modo
1248 1860 1414 1919 uxoratus.

266 1962 385 2044 Vitam,
408 1965 492 2048 quod
515 1963 757 2028 sceleratissima
780 1967 812 2026 et
835 1963 971 2026 enormis
995 1961 1072 2026 mihi
1096 1962 1271 2026 videbatur.
1318 1959 1415 2024 Tem·
1523 2003 1524 2006 =

265 2092 335 2153 pus,
359 2071 442 2154 quod
466 2071 509 2134 24
532 2092 632 2134 anuos
655 2071 700 2135 sic
715 2071 857 2134 stetisset
871 2071 1079 2154 pertinaciter
1102 2074 1134 2133 et
1157 2070 1303 2146 scienter,
1328 2067 1414 2152 quod

265 2176 411 2240 ammodo
433 2177 466 2238 in
491 2176 628 2240 infinitis
651 2181 683 2240 et
705 2175 852 2239 maximis
867 2175 1014 2257 peccatis,
1039 2175 1070 2238 in
1088 2172 1416 2238 excommunicatione
1523 2197 1524 2272 f

265 2285 297 2344 et
313 2278 578 2364 irregularitate³
603 2281 722 2364 absque
743 2279 829 2343 omni
847 2280 961 2343 timore
984 2278 1043 2343 dei.
1090 2277 1158 2342 Hec
1179 2276 1264 2361 apud
1287 2297 1337 2340 me
1362 2297 1417 2340 co·
1523 2313 1524 2380 3

265 2383 390 2469 gitante
413 2385 558 2448 totaliter
572 2386 731 2452 attonitus
753 2388 785 2448 et
801 2385 949 2448 turbatus
965 2384 1089 2447 resiluit
1103 2387 1278 2447 retrorsum
1301 2385 1335 2444 et
1359 2401 1416 2443 ex·
1522 2381 1524 2462 l

265 2488 468 2553 horrescebat
490 2488 597 2552 anima
619 2511 688 2552 mea
711 2493 844 2572 propter
865 2492 931 2552 tem
954 2489 1056 2553 multa
1076 2493 1109 2552 et
1133 2507 1249 2570 magna
1271 2490 1417 2570 peccata,

264 2598 449 2679 perpetrata
479 2594 616 2658 scienter
647 2601 679 2658 ct
702 2593 859 2658 malitiose
890 2597 1002 2658 contra
1033 2593 1173 2657 divinam
1204 2592 1415 2656 maiestatem.

265 2700 463 2764 Adveniente
479 2703 584 2762 autem
602 2699 760 2762 dominica
776 2697 897 2762 Exaudi
922 2695 981 2782 [19
997 2694 1075 2783 Mai]
1097 2698 1276 2781 comparuit
1291 2697 1420 2760 dicens:

269 2807 366 2870 >Ecce
390 2807 432 2869 mi
456 2807 563 2890 pater!
585 2825 700 2883 assum,
725 2807 762 2866 ut
784 2803 859 2868 dixi.
905 2802 973 2886 Ego
989 2821 1144 2885 cognosco
1167 2823 1217 2866 me
1239 2801 1415 2866 maximum

264 2916 478 2994 peccatorem,
511 2915 547 2974 ut
569 2909 674 2987 scitis,
707 2913 739 2972 et
761 2913 886 2991 tempus
914 2913 979 2986 est,
1013 2912 1050 2971 ut
1084 2912 1266 2972 convertam
1301 2927 1352 2969 me
1376 2907 1417 2970 ad

264 3017 434 3081 dominum.
481 3015 562 3081 Volo
593 3036 703 3099 parere
731 3014 878 3078 omnibus
899 3014 1015 3077 restris
1041 3013 1181 3076 consiliis
1215 3015 1247 3076 et
1276 3011 1417 3076 iussoni·

265 3123 350 3187 hus<
392 3121 482 3186 'Punc
505 3121 608 3204 incepi
632 3141 789 3203 exponere
812 3120 839 3184 ei
863 3119 946 3183 narde
968 3118 1145 3201 periculum
1168 3117 1274 3182 anime
1301 3138 1358 3182 sue
1383 3122 1418 3183 et

264 3228 454 3310 gravitatem
485 3227 635 3290 scelerate
656 3227 722 3290 vite
748 3247 819 3304 sue,
852 3229 884 3288 et
906 3224 987 3288 dixi:
1025 3214 1109 3288 »Vos
1137 3223 1178 3287 ab
1211 3223 1306 3287 initio
1335 3245 1417 3307 apo·

264 3332 388 3396 stacia⁴
411 3337 515 3396 vestre
530 3352 654 3413 semper
669 3331 776 3394 fuistis
799 3331 832 3394 in
849 3329 1171 3394 excommunicatione
1191 3329 1322 3410 maiore,
1347 3333 1419 3394 tam

827 3453 844 3484 ἤ

336 3525 347 3577 1
368 3521 449 3576 Fehlt
468 3521 594 3577 offenbar
612 3524 649 3578 te.
754 3521 771 3574 2
789 3521 870 3576 Nech
887 3520 966 3576 laath.
986 3519 1063 3575 lehre
1077 3519 1196 3575 verleiht
1215 3519 1261 3575 die
1278 3519 1418 3590 priester-

265 3609 351 3664 welhe
368 3609 431 3680 (wie
448 3607 493 3662 die
512 3609 589 3663 taufe
606 3607 665 3662 und
677 3609 809 3678 firmung)
827 3607 877 3662 der
895 3608 966 3662 scole
985 3607 1033 3662 des
1046 3608 1225 3678 empftngers
1243 3609 1326 3663 einen
1346 3608 1418 3662 cha·

263 3699 354 3752 racter
376 3695 542 3750 indelebilis.
578 3695 702 3749 Naheres
722 3695 766 3749 bei
785 3693 910 3758 Oswald‚
938 3691 990 3747 Die
1016 3695 1108 3763 dogm.
1127 3694 1205 3750 lehre
1224 3695 1353 3751 vundan
1373 3695 1416 3751 hl.

263 3785 464 3838 sacramentam
500 3783 626 3836 Mlinster
647 3783 722 3838 1877.
750 3781 770 3848 Ι,
792 3783 825 3838 73
844 3781 872 3838 ff.
945 3781 1180 3852 31rregularitas
1199 3781 1238 3836 ist
1256 3783 1301 3837 ein
1320 3783 1417 3837 durch

263 3872 307 3927 die
325 3869 477 3926 hirchliche
504 3870 712 3939 gesetagebung
738 3870 931 3939 festgcretates
950 3868 1199 3934 weibehindernis,
1230 3869 1348 3925 welches
1368 3871 1419 3927 die

263 3959 410 4028 aueiibung
425 3959 500 4012 einer
510 3957 613 4012 bareits
623 3957 773 4026 erlangten
787 3957 884 4021 welhe,
900 3958 982 4014 sowie
991 3957 1045 4012 den
1055 3957 1191 4028 ampfang
1200 3957 1277 4012 einer
1288 3957 1418 4013 hoheren

263 4047 350 4101 weihe
375 4045 530 4101 rrnerlaubt
555 4044 659 4098 macht.
696 4044 790 4102 Dicaea
819 4044 963 4100 hindernie
990 4045 1067 4099 kann
1095 4045 1139 4100 die
1166 4045 1242 4115 iolge
1269 4045 1419 4101 entweder

262 4134 361 4203 irgend
385 4135 459 4188 eines
477 4133 654 4188 natiirlichen
673 4133 776 4188 iehlers
803 4133 869 4187 oder
887 4133 988 4203 irgend
1013 4133 1089 4188 einer
1109 4133 1258 4202 handlung
1276 4134 1326 4189 der
1345 4134 1417 4190 irre·

226 4219 229 4225 '
263 4224 379 4290 gultren
398 4239 497 4292 person
515 4221 580 4276 sein.
619 4219 805 4290 Silbernagol,
827 4221 924 4275 lrehrb.
943 4221 989 4274 des
1001 4220 1081 4276 laath
1097 4221 1331 4277 kirchenrechtes.
1358 4221 1418 4277 Re·

263 4307 405 4377 gensburg
420 4309 494 4364 1880.
524 4309 572 4362 121
586 4308 605 4361 f.
625 4305 684 4361 und
699 4308 756 4372 132,
775 4308 801 4362 h.
908 4307 1010 4361 enan
1029 4306 1237 4362 unterscheidet
1255 4307 1320 4364 eine
1340 4308 1420 4364 drei-

263 4394 343 4450 fache
362 4395 516 4466 apostasia:
536 4413 553 4450 a
571 4396 634 4452 nde.
654 4395 742 4449 abiall
764 4413 826 4450 vom
848 4395 953 4450 christl.
973 4395 1113 4465 glaebam
1141 4392 1177 4448 ab
1196 4395 1301 4461 ordine,
1322 4395 1420 4451 abiall
