3054 4944
826 336 889 401 310

280 508 328 572 vel
352 509 617 575 nrendieotionem
641 512 758 576 habere
781 517 925 596 possunt,
949 513 1002 577 sed
1025 513 1134 578 omnia
1157 535 1214 596 per
1229 513 1345 578 amieos
1368 514 1433 597 spi-

279 613 412 678 rituales
445 618 478 678 et
501 636 538 679 ex
564 616 744 682 elemosinis
768 617 933 700 providere
956 621 1092 700 oportet.
1138 619 1183 684 Et
1217 640 1275 701 pro
1297 617 1368 682 oleo
1393 619 1433 680 32

279 719 491 803 ampularum‚
516 727 548 784 et
564 743 622 804 pro
638 743 710 787 eern
733 723 773 787 ad
788 721 931 804 singulas
949 723 1094 788 ecelesias
1119 745 1178 808 pro
1194 723 1301 788 divino
1316 723 1433 798 officio,

279 830 311 888 et
334 845 393 908 pro
416 825 534 908 pabulo
550 827 647 890 trium
665 827 827 892 asinorum
851 831 883 891 et
907 849 964 910 pro
987 827 1096 912 lignis,
1121 851 1181 914 que
1204 828 1336 893 suntin
1359 847 1434 892 earo

279 929 358 996 foro.
400 927 427 994 O
451 932 521 1014 quie
537 933 714 1015 ponderare
737 936 853 1016 posset,
876 937 997 1016 quanta
1013 933 1237 1018 expenduntur
1252 931 1434 997 Sarracenis

279 1056 338 1118 pro
361 1035 485 1100 tributo
508 1037 650 1115 annuali,
675 1042 707 1102 et
730 1058 788 1120 pro
811 1037 957 1120 propinis
980 1038 1141 1104 continuis
1162 1037 1353 1102 officialibus
1376 1057 1434 1120 pro

280 1139 464 1204 defensione
487 1141 626 1206 fratrum
652 1146 717 1206 tam
742 1142 776 1206 in
791 1141 925 1225 pecunia
949 1165 1043 1227 quam
1068 1142 1374 1222 innodationibus,
1398 1141 1435 1206 de

279 1246 394 1330 quibus
417 1267 480 1310 non
504 1251 552 1310 est
572 1250 740 1312 numerus!
772 1245 846 1311 Non
863 1247 947 1312 enim
971 1253 1019 1313 est
1042 1248 1118 1326 dies,
1143 1249 1175 1313 in
1200 1269 1263 1333 quo
1286 1269 1350 1312 non
1374 1247 1433 1310 ali·
1513 1293 1514 1346 ἦ

280 1351 334 1435 qui
352 1351 495 1432 veniunt,
518 1353 582 1416 iarn
608 1373 699 1432 unus,
722 1374 791 1417 oras
815 1353 887 1433 duo,
911 1353 1083 1438 aliqnando
1107 1359 1181 1434 tres,
1204 1374 1434 1438 nonnunquam
1513 1347 1514 1362 ¹

279 1477 333 1520 sex
356 1455 406 1520 vel
429 1457 545 1538 decern,
570 1459 626 1542 qui
650 1458 763 1524 volunt
786 1458 903 1524 habere
925 1460 1089 1525 comedere
1111 1463 1145 1524 et
1168 1459 1293 1538 bibere,
1317 1458 1434 1542 quibus

279 1581 337 1626 nee
371 1567 480 1644 patrea
514 1565 632 1630 audant
667 1585 793 1648 negare.
839 1561 866 1628 Ο
895 1569 1016 1650 quanta
1048 1585 1197 1649 pressura
1219 1567 1346 1648 patrum
1382 1584 1435 1628 seu

279 1663 433 1731 fratrum!
480 1667 521 1732 ht
544 1671 616 1754 quis
639 1670 747 1734 audiet
769 1671 844 1750 heo,
878 1674 911 1734 et
933 1691 996 1735 non
1020 1675 1204 1736 oomovetur
1228 1689 1282 1734 eor
1305 1669 1374 1732 eius
1396 1668 1434 1732 ad

279 1773 551 1856 compassionem?
575 1825 583 1840 .
607 1827 614 1842 .
640 1825 647 1840 .
693 1773 720 1840 O
744 1775 835 1840 beata
857 1775 1031 1860 patientia,
1061 1797 1123 1861 que
1145 1774 1321 1840 necessaria
1343 1795 1378 1838 es
1401 1775 1434 1838 in

280 1877 342 1941 biis
364 1879 520 1962 pressuris
554 1883 586 1944 et
609 1880 891 1962 tribulationibus,
921 1902 978 1963 per
1001 1885 1034 1945 te
1058 1881 1142 1944 enirn
1165 1880 1298 1945 stabunt
1327 1878 1435 1943 vexati

281 1988 313 2048 et
335 1985 454 2066 pressi,
489 1987 738 2069 perseverabunt
778 1985 925 2051 tribulati
960 1991 993 2050 et
1025 1986 1187 2069 perpessi,
1219 2007 1276 2068 per
1308 1989 1340 2048 te
1364 2003 1435 2048 eum

279 2089 395 2152 mentis
414 2089 535 2173 pietate
552 2092 638 2176 eapti
655 2097 687 2158 et
702 2091 830 2176 spoliati
849 2095 1045 2175 exspectant,
1069 2112 1233 2176 quousque
1248 2091 1325 2156 deus
1341 2089 1435 2154 fertis

283 2199 314 2258 et
336 2195 465 2260 adiutor
486 2201 600 2280 potens
623 2199 798 2262 decreverit
822 2201 951 2281 peecata
977 2195 1233 2262 Christianorum
1255 2196 1435 2260 misericor·

280 2300 364 2364 diter
387 2300 573 2385 indulgere,
605 2307 637 2368 et
661 2309 781 2368 terram
810 2325 846 2370 ae
870 2303 1034 2369 civitatem
1056 2307 1200 2368 sanctam
1223 2301 1323 2366 cultui
1347 2302 1434 2368 obri·

280 2407 385 2471 stiano
409 2407 578 2474 restituere
592 2406 619 2474 ¹!

352 2582 364 2634 l
385 2579 452 2634 Hier
470 2579 543 2650 lolgt
562 2583 633 2638 noch
651 2583 694 2638 ain
714 2525 908 2652 inbrhnatigee
927 2581 1011 2651 gebet
1031 2599 1078 2635 um
1092 2579 1370 2650 wiedergewinnung
1388 2579 1434 2634 dea

278 2667 316 2720 hl.
328 2665 425 2722 landes
443 2667 530 2722 durch
549 2668 743 2725 diaGhristen.
780 2670 810 2722 P.
824 2670 875 2724 367
890 2667 1010 2737 beginnt
1029 2668 1078 2722 der
1091 2667 1107 2722 8
1120 2669 1229 2723 tractat
1247 2667 1318 2736 (egl.
1329 2685 1351 2722 s.
1362 2667 1433 2737 268),

281 2773 334 2810 von
352 2755 484 2810 welobem
505 2774 559 2810 nur
578 2756 623 2811 die
642 2755 844 2811 siberaehriften
864 2755 923 2810 hier
942 2755 1003 2810 eine
1023 2755 1106 2810 stelle
1125 2755 1219 2810 finden
1239 2761 1358 2824 mtgen,
1387 2773 1432 2809 um

280 2843 490 2912 einigermallen
518 2845 581 2899 eine
608 2845 772 2914 andeutung
802 2843 870 2898 iiber
896 2843 951 2898 den
977 2841 1168 2899 behandelten
1197 2843 1375 2914 gegenetand
1401 2860 1433 2896 au

282 2929 386 3000 geben:
407 2931 457 2986 »de
470 2931 697 2998 Turacomannis‚
716 2932 751 2988 de
765 2930 907 3001 Byduinis,
926 2931 961 2986 de
973 2931 1080 2986 miseris
1092 2930 1260 2996 hominibus,
1280 2929 1329 3001 qni
1343 2931 1432 3001 legem

279 3019 419 3076 occultam
437 3019 558 3083 hebent,
584 3021 618 3076 de
638 3020 776 3077 Assasinis
794 3022 933 3076 eteorum
953 3018 1174 3084 conditionibus,
1204 3019 1238 3074 de
1257 3018 1433 3074 mirabilibus

279 3110 308 3162 at
326 3107 361 3162 de
380 3107 521 3177 scriptura
541 3107 654 3177 Dydimi
673 3107 709 3162 ad
729 3125 823 3178 regem
843 3107 1032 3162 Alexandrum
1052 3109 1089 3176 (p.
1111 3108 1163 3162 369
1179 3106 1219 3161 bis
1240 3105 1310 3175 374),
1331 3107 1368 3162 de
1386 3123 1432 3160 va-

279 3193 328 3248 riis
346 3195 553 3251 conditionibus
576 3197 605 3250 et
623 3195 800 3251 mirabilibus
819 3195 980 3260 hominum,
1009 3195 1136 3264 seqnitur
1154 3211 1228 3249 nune
1246 3193 1281 3250 de
1298 3192 1432 3256 Tartarie.

280 3283 315 3337 de
332 3299 425 3338 errore
444 3283 636 3350 Tartarornm,
656 3283 690 3339 de
710 3283 839 3348 Braxitie,
858 3283 892 3338 de
910 3283 988 3337 exitu
1007 3281 1207 3347 'l'artarorum‚
1234 3281 1268 3338 de
1286 3299 1432 3353 progressu

280 3373 463 3427 Tartarornm
489 3374 519 3427 et
536 3371 674 3442 quomodo
693 3371 919 3443 subjugaverunt
946 3369 986 3426 eie
1015 3369 1107 3425 multa
1137 3387 1226 3440 regna
1254 3373 1283 3426 et
1311 3370 1433 3426 finaliter

280 3458 349 3513 faeti
368 3461 434 3513 sunt
453 3460 609 3525 sarraceni,
628 3459 662 3514 de
680 3457 850 3528 imperatore
863 3457 1057 3522 Tartarorum‚
1078 3473 1182 3528 magno
1196 3457 1282 3522 Chen,
1301 3458 1336 3514 de
1349 3458 1432 3513 eurtis

280 3545 448 3614 bominibus,
467 3549 541 3618 quod
558 3550 641 3605 sonat
660 3547 734 3603 idem
752 3547 826 3618 qnod
840 3547 926 3617 lupi<
965 3546 995 3601 P.
1009 3545 1062 3602 380
1077 3545 1119 3600 bis
1131 3546 1183 3601 336
1195 3544 1293 3616 bringt
1303 3545 1432 3602 Waltber

280 3635 332 3688 den
352 3638 545 3705 sogenannten
572 3635 646 3691 brief
671 3636 786 3706 »magni
814 3635 888 3705 regia
906 3634 1045 3691 lobannis
1072 3633 1253 3705 presbyteri«.
1291 3633 1345 3689 Der
1373 3635 1431 3690 text

280 3722 423 3777 Walthers
442 3724 553 3778 etimmt
582 3741 628 3778 am
653 3723 771 3778 meisten
799 3725 852 3777 mit
883 3722 932 3777 der
951 3739 1006 3778 von
1026 3721 1148 3776 Zarnolre
1166 3721 1252 3792 (aiehe
1270 3722 1341 3778 oben
1360 3739 1381 3777 s.
1399 3721 1430 3776 37

280 3827 355 3866 anm.
373 3812 401 3882 4)
420 3811 462 3865 ale
481 3809 684 3880 interpolation
704 3810 940 3866 Dbeneiobneten
952 3809 1064 3874 leseart,
1087 3809 1138 3864 wie
1150 3809 1224 3865 wohl
1244 3827 1274 3864 er
1293 3809 1365 3864 anah
1383 3825 1430 3862 ans

279 3899 335 3954 den
354 3899 476 3954 anderen
499 3899 740 3969 interpolationen
761 3898 899 3954 mehreres
918 3898 1040 3962 enthhlt,
1059 3896 1192 3953 wahrend
1212 3913 1261 3952 aus
1280 3897 1329 3952 der
1347 3897 1430 3950 inter·

280 3987 406 4056 polotion
427 3988 449 4039 D
469 3987 575 4056 einiges
594 3987 674 4041 fehlt.
712 3989 772 4042 Von
791 4004 817 4056 p.
837 3987 889 4042 386
907 3987 950 4040 bis
969 4005 1032 4040 num
1052 3985 1174 4041 sohluese
1202 3985 1264 4040 sind
1292 3986 1330 4040 im
1349 3985 1429 4041 oodex

281 4076 352 4130 noch
372 4076 502 4145 folgende
522 4075 746 4145 abhandlungen
774 4075 939 4132 enthelten:
971 4076 1026 4130 »De
1045 4073 1223 4129 mirabilibus
1241 4073 1385 4128 fluminum
1403 4073 1430 4126 et

279 4163 430 4227 montium,
457 4163 492 4217 da
510 4163 626 4216 diversis
645 4164 790 4219 arboribus
814 4167 843 4218 at
870 4164 1013 4220 radicibus
1041 4166 1127 4233 atque
1150 4161 1288 4218 lruotibua
1315 4159 1429 4230 deipsis

280 4251 471 4316 nascentibus,
500 4251 534 4305 de
553 4251 637 4305 variis
657 4251 834 4307 mirabilibus
854 4251 1037 4317 animalium,
1067 4251 1207 4306 denariis
1236 4249 1375 4320 speciebus
1401 4248 1428 4302 et

280 4339 428 4408 generibus
447 4341 615 4408 serpentum,
635 4338 669 4394 de
688 4339 774 4394 variis
793 4339 971 4396 mirabilibus
991 4339 1088 4394 avium
1107 4343 1136 4395 et
1155 4338 1285 4409 piscium.
1310 4337 1345 4393 de
1362 4335 1427 4405 lapi-

280 4426 361 4480 dibus
378 4427 509 4496 pretiosis
527 4430 556 4481 et
574 4443 671 4482 eorum
690 4425 860 4493 virtutibus,
888 4427 922 4482 de
939 4427 1117 4483 conclusione
1143 4426 1226 4497 hujus
1244 4427 1383 4480 tractatus
1400 4423 1426 4476 at
