3054 4944
664 332 729 398 263

125 509 264 576 Demnm
286 509 490 595 responsione
513 509 589 574 dato
617 509 751 592 epatre
775 505 940 574 nunciam
964 505 1069 592 Spsda
1089 527 1186 592 super
1207 507 1273 572 sin-

122 615 199 700 gula
232 615 363 700 negotia
385 613 587 698 expedientis
617 612 789 678 secuudum
812 611 1023 677 intentionem
1045 610 1274 692 memorialem,

124 721 206 805 quod
230 721 365 786 tradidit
393 719 473 784 mibi
495 718 685 784 reverendus
713 720 806 802 puter
835 716 1007 802 gardianus
1037 717 1154 783 montis
1177 713 1273 802 syon,

122 830 154 890 et
176 829 306 910 recepte
328 825 438 892 littera
460 847 479 888 s
501 824 627 909 prefato
648 827 742 908 patre
763 823 851 888 misit
874 845 932 888 nos
962 823 1001 888 ad
1023 824 1144 888 curium
1166 843 1272 888 roms·

121 951 205 995 nam.
252 929 295 995 Et
325 931 376 996 die
398 928 620 996 conversionis
641 929 743 994 suncti
768 926 861 993 Pauli
885 924 939 1015 [25
962 925 1048 1015 dan]
1079 926 1273 1010 arripuimus

120 1035 204 1100 viem
228 1035 326 1101 maris
347 1057 456 1101 versus
486 1034 680 1102 Ravennam.
726 1034 768 1101 Et
790 1034 934 1099 venimus
964 1035 1069 1118 prima
1099 1034 1150 1099 die
1172 1053 1272 1118 usque

120 1141 159 1206 sd
180 1139 274 1206 Jasse
290 1142 310 1222 ¹,
345 1145 377 1207 et
399 1142 636 1207 introeuntibus
670 1140 832 1206 civitatem
855 1145 1008 1224 oeperunt
1041 1125 1099 1204 no's
1128 1138 1273 1204 custodes

120 1246 262 1311 civitatis
293 1251 326 1312 et
360 1247 518 1312 duxerunt
540 1267 597 1311 nos
619 1247 659 1312 ad
682 1246 868 1330 pretorium.
916 1245 957 1310 Et
980 1245 1026 1311 ibi
1050 1244 1271 1310 confluxerunt

121 1351 240 1436 plures,
263 1356 500 1437 perscrutantes
522 1373 580 1418 nos
595 1353 766 1438 diligenter
789 1355 822 1416 et
836 1373 946 1418 omnes
969 1371 1019 1416 res
1035 1354 1169 1429 nostras,
1194 1369 1271 1434 que-

121 1460 228 1521 rentes
251 1456 392 1538 litteras‚
426 1462 459 1524 et
488 1458 639 1544 quasdam
663 1458 874 1523 restituerunt
903 1458 936 1522 in
960 1457 1112 1536 instanti,
1147 1453 1271 1539 aliquas

120 1563 296 1627 tenuerunt
317 1583 417 1648 usque
440 1563 478 1628 de
500 1585 603 1629 mane.
648 1562 784 1628 Demum
804 1563 943 1628 surrexit
957 1565 1070 1626 ventus
1092 1561 1270 1626 contrarius

119 1671 151 1731 et
173 1671 348 1751 tempestas
369 1668 486 1732 durans
509 1669 666 1754 usquead
688 1667 806 1734 festum
830 1666 1066 1734 Purificstionis
1089 1664 1207 1745 Maris,
1238 1669 1271 1730 et

118 1771 267 1836 stetimus
289 1794 359 1838 cum
384 1793 500 1858 magno
523 1775 608 1839 tedio
630 1775 663 1838 in
679 1779 838 1840 conventu
859 1772 999 1838 fratrum
1013 1772 1182 1836 minorum.
1229 1769 1271 1835 Et

117 1877 187 1960 ipsa
210 1877 262 1942 die
287 1877 320 1962 [2
336 1876 442 1964 Febr]
466 1879 619 1944 demone
641 1880 675 1943 in
699 1901 815 1944 aurora
829 1879 1006 1964 incepimus
1022 1877 1173 1962 navigare
1196 1897 1268 1942 cum

118 2003 182 2046 nno
205 1981 335 2048 domino
352 1981 526 2064 catellano,
549 1989 583 2049 et
604 1985 685 2050 sslvi
700 1985 903 2069 pervenimus
918 2003 988 2050 sero
1010 1983 1049 2048 ad
1072 1982 1150 2046 litus
1172 1982 1269 2046 maris

118 2087 202 2152 circs
227 2085 428 2169 Burconem,
463 2093 495 2155 et
527 2091 561 2155 in
583 2092 654 2175 ipsa
675 2095 768 2156 nocte
791 2091 982 2156 mutavimus
1005 2090 1149 2168 barcam,
1181 2091 1214 2151 et
1235 2087 1269 2150 in

118 2192 217 2256 tertis
233 2192 352 2258 bsrolra
366 2196 585 2280 navigavimus
600 2218 700 2282 usque
715 2198 754 2262 ad
770 2196 969 2262 Anohouam.
1015 2192 1057 2258 Et
1080 2193 1126 2256 ibi
1141 2195 1269 2276 recepto

118 2297 255 2379 prandio
289 2319 362 2363 cum
397 2299 552 2366 iratribus
583 2303 700 2368 nostris
733 2302 848 2366 ivimus
881 2322 939 2385 per
960 2299 1064 2384 pedes.
1111 2296 1186 2380 Ipsa
1219 2296 1269 2362 die

119 2401 150 2483 [3
162 2399 272 2484 Febr]
295 2403 437 2468 venimus
460 2407 498 2471 ad
525 2405 701 2472 Sorolum⁸
723 2428 760 2472 sc
782 2407 972 2472 intravimus
988 2407 1179 2470 conventum
1202 2401 1268 2467 fra-

119 2512 206 2572 trum
222 2512 412 2577 nostrorum.
461 2511 502 2578 Et
516 2513 691 2578 mamimus
713 2513 759 2577 ibi
781 2513 845 2578 ista
859 2515 961 2591 nocte,
984 2516 1017 2575 et
1031 2531 1125 2574 mane
1139 2512 1269 2593 sumpto

116 2612 252 2696 prandio
267 2613 413 2679 adiunxit
427 2617 519 2682 nobis
535 2619 723 2684 reverendus
745 2623 837 2702 pater
852 2618 1024 2702 gardianus
1045 2617 1122 2680 duos
1138 2613 1265 2695 fratres,

117 2719 172 2804 qui
197 2719 358 2784 duxerunt
379 2743 436 2787 nos
459 2724 498 2789 ad
521 2728 665 2790 sanctem
686 2723 821 2790 Meriam
845 2724 883 2788 de
900 2722 1016 2787 Lareto
1030 2720 1053 2800 ³,
1077 2721 1204 2784 demum
1227 2719 1267 2784 ad

115 2825 222 2889 locum
236 2823 376 2891 fratrum
397 2829 437 2892 sd
460 2830 523 2894 tria
548 2829 686 2895 miliaria
709 2831 798 2895 iuxts
821 2828 907 2894 aliud
931 2826 1094 2893 castellum
1110 2825 1132 2888 ⁴.
1179 2825 1263 2891 Item

115 2951 208 2995 msne
231 2929 267 3014 [4
282 2928 389 3016 Febr]
413 2933 530 2999 iterum
552 2939 680 3020 sumpta
702 2935 873 3000 refectione
894 2934 1010 2998 ivimus
1031 2953 1132 3016 usque
1153 2929 1194 2995 ad
1208 2928 1265 2996 Sa·

116 3035 236 3110 ravell;
262 3035 306 3099 ibi
322 3038 468 3106 stetimus
491 3040 525 3104 in
541 3040 705 3125 hospitali,
728 3040 802 3125 quis
824 3039 913 3105 locus
928 3037 1067 3102 irstrum
1083 3037 1182 3101 distet
1204 3037 1278 3102 duo.

116 3139 258 3204 miliaria
290 3139 442 3207 italicas
473 3143 613 3209 castello.
660 3143 754 3210 Mene
778 3142 810 3232 [5
835 3141 940 3233 Febr]
963 3163 1039 3208 vero
1072 3140 1267 3208 surreximus

114 3249 147 3310 et
170 3244 288 3308 ivimus
311 3245 350 3311 sd
366 3245 471 3314 locum
486 3249 635 3330 fratrum,
659 3252 714 3336 qui
737 3255 802 3316 stat
824 3251 858 3314 in
874 3250 1001 3315 albusto
1024 3251 1043 3316 i.
1068 3271 1094 3314 e.
1118 3249 1151 3312 in
1175 3247 1265 3312 silva.

113 3349 180 3415 Iste
203 3349 293 3415 locus
315 3355 363 3415 est
378 3352 541 3419 edificatus
566 3359 710 3441 tempore
733 3357 817 3421 beati
835 3353 1005 3432 Francisoi,
1029 3360 1060 3419 et
1083 3352 1266 3438 appellatur

113 3454 226 3535 Burlu,
249 3459 282 3520 et
303 3461 431 3522 sanctus
446 3456 633 3524 Francisous
659 3464 800 3526 moratus
822 3466 870 3526 est
891 3460 938 3524 ibi
961 3463 992 3524 et
1015 3459 1092 3525 fecit
1115 3459 1260 3543 peniten-

111 3561 190 3626 tiam
215 3561 352 3640 ibidem3
374 3569 407 3628 et
421 3563 513 3630 valde
536 3565 667 3631 devotus
691 3570 723 3631 et
743 3565 873 3631 humilis
896 3565 984 3631 locus
1006 3569 1053 3630 est
1077 3587 1135 3649 per
1156 3585 1265 3629 omnes

678 3715 697 3751 ’k

111 3805 255 3862 nschteile
267 3805 391 3870 erlitten,
403 3806 462 3860 und
474 3805 573 3862 audem
585 3807 631 3862 ein
644 3807 747 3878 grosser
761 3807 943 3879 geldmsngel
956 3807 1001 3862 bei
1014 3806 1101 3862 ihren
1113 3807 1263 3874 herrschtc,

111 3893 205 3950 liessen
225 3893 265 3949 sie
283 3893 342 3949 sich
360 3911 424 3948 sum
436 3893 544 3950 frieden
562 3895 666 3962 hethei,
685 3895 734 3951 der
750 3897 790 3950 im
803 3895 876 3965 Aug.
891 3894 959 3950 1484
971 3895 1149 3966 geschlossen
1161 3894 1262 3952 wurde.

112 3980 335 4052 Esuptstchlioh
352 3981 426 4036 nsch
445 3980 591 4051 Malipiero
609 3982 661 4038 268
679 3981 708 4038 ff.
815 3983 832 4037 3
852 3982 917 4052 vgl.
935 4000 957 4038 s.
974 3983 1009 4038 46
1029 3999 1104 4038 anm.
1123 3982 1148 4037 3.

183 4071 193 4122 1
216 4066 364 4136 cnioggis.
392 4067 479 4123 Dietr.
497 4085 523 4124 v.
536 4067 663 4122 Sohsoht.
683 4071 773 4124 neunt
790 4085 819 4123 es
831 4067 927 4136 Gosss,
946 4069 1031 4124 Rohr.
1045 4067 1135 4125 Meirs.
1149 4069 1180 4122 D.
1194 4068 1263 4139 pilg.

109 4155 177 4218 239,
205 4154 265 4208 und
284 4153 390 4225 Caspcr
417 4171 472 4210 von
490 4154 616 4210 Mdlineu
635 4155 723 4212 Zosse.
829 4157 846 4212 2
873 4156 971 4224 sinoti,
991 4157 1024 4212 10
1042 4155 1190 4212 tilomotsr
1208 4174 1263 4214 von

111 4241 219 4298 loreto.
257 4239 312 4296 Der
330 4241 442 4311 dortige
460 4243 579 4296 convent
596 4242 649 4299 soll
668 4261 717 4297 sur
735 4245 790 4300 seit
808 4243 856 4300 des
874 4245 913 4302 hl.
933 4243 1105 4310 hermerus,
1124 4245 1173 4300 der
1192 4245 1262 4300 auch

107 4329 284 4472 pnffilder
291 4327 397 4470 Vkipphe
415 4329 460 4394 ist,
480 4331 603 4387 utmlich
624 4332 691 4389 1250
709 4333 815 4406 gabant
833 4335 946 4392 worden
964 4333 1031 4389 sein.
1118 4334 1262 4394 storeis.

108 4421 125 4474 4
182 4435 199 4476 o
251 4433 273 4469 s.
318 4417 327 4469 i
360 4458 367 4474 .
