3056 4944
808 317 868 382 158

266 492 373 558 statim
408 492 606 557 interficiunt
638 513 719 554 eum.
767 489 825 554 Die
855 513 930 556 vero
960 493 1106 578 sequenti
1138 493 1172 576 [9
1198 489 1306 574 April]
1339 494 1413 574 post

266 599 435 682 prandium
452 597 567 662 iterum
585 595 702 660 fratres
718 594 912 660 affectionati
928 599 1177 681 temptaverunt,
1201 603 1234 661 et
1249 595 1412 680 peregrini

265 703 436 783 seculares,
467 703 522 786 qui
546 704 635 766 erant
658 701 839 780 nobiscum,
869 702 1084 785 promiserunt
1106 703 1272 787 pecuniam
1297 700 1414 778 daturi,

265 808 312 872 ita
326 811 442 886 tamen,
467 807 550 890 quod
567 827 728 890 possemus
744 806 866 870 intrare
890 813 922 872 et
938 808 1025 872 exire
1041 809 1110 873 sine
1124 808 1277 893 periculo.
1324 804 1413 870 Idem

266 913 378 997 hospes
401 913 518 976 iterum
543 912 602 975 ivit
626 911 664 975 ad
687 913 919 994 procurandum
937 913 1115 978 introitum.
1163 913 1231 998 Ego
1254 933 1328 976 vero
1353 910 1413 974 hoc

264 1018 395 1081 audiens
417 1016 503 1080 dolui
526 1017 636 1095 corde,
665 1021 697 1080 et
720 1016 825 1100 incepi
846 1020 983 1096 mestuS,
1006 1019 1206 1083 considerans
1231 1016 1412 1102 periculum

264 1124 368 1186 anime
391 1127 423 1187 et
445 1122 587 1205 corporis
610 1143 675 1186 esse
698 1123 731 1186 in
754 1123 839 1187 iacto
863 1121 937 1200 illo,
969 1123 1040 1187 dadi
1063 1145 1113 1187 mo
1136 1124 1175 1187 ad
1200 1121 1413 1199 devotionem,

265 1229 297 1291 in
322 1233 475 1312 qnantum
500 1227 607 1310 potui,
639 1232 672 1290 et
694 1227 783 1291 oravi
807 1227 969 1292 dominum
994 1248 1097 1292 meum
1121 1227 1242 1292 dicens:
1271 1224 1318 1290 »Ο
1341 1225 1414 1290 dul-

265 1335 388 1398 cissime
411 1333 535 1396 domine
557 1331 653 1395 lhesu
677 1328 820 1395 Christe!
859 1329 908 1395 'Pu
940 1331 980 1396 ab
1008 1335 1117 1397 eterno
1139 1331 1206 1396 ab¹
1231 1331 1314 1396 nosti
1338 1351 1414 1414 pre·

264 1438 361 1502 terita
395 1443 426 1502 et
450 1437 577 1516 sutura,
609 1443 645 1500 tu
669 1435 754 1520 regis
790 1441 822 1500 et
844 1437 958 1520 dirigis
980 1437 1087 1502 omnia
1120 1437 1203 1500 bona
1226 1457 1331 1520 opera.
1380 1434 1415 1498 Si

264 1545 426 1628 ingressus
460 1543 499 1607 ad
523 1541 680 1626 templum
701 1541 955 1625 patriarcharum
982 1548 1110 1608 tuorum
1147 1543 1240 1606 debet
1272 1541 1341 1604 fieri
1374 1539 1413 1603 ad

265 1648 392 1712 landem
425 1655 457 1712 et
479 1648 632 1713 honorem
655 1648 704 1711 tui
729 1647 887 1712 benedicti
910 1649 1047 1713 nominis
1080 1653 1112 1712 et
1135 1669 1194 1731 pro
1216 1647 1319 1710 salute
1343 1645 1414 1710 ani·

265 1777 386 1818 marum
404 1759 595 1830 nostrarum,
619 1753 749 1834 dispone
771 1752 914 1835 singula,
937 1756 975 1816 ut
996 1753 1108 1817 devote
1131 1757 1163 1817 et
1186 1753 1305 1836 absque
1326 1751 1415 1834 peri·

265 1860 336 1924 culo
359 1859 554 1942 perficiatur.
599 1856 632 1922 si
657 1863 763 1920 autem
787 1863 841 1920 tue
856 1857 1014 1922 voluntati
1040 1879 1104 1922 non
1124 1858 1239 1942 placet,
1264 1862 1296 1920 et
1322 1855 1416 1920 nobis

265 1965 390 2030 cederet
421 1964 453 2026 in
490 1963 717 2026 detrimentum
740 1961 914 2026 animarum
952 1968 984 2026 et
1018 1983 1185 2046 corporum
1219 1966 1418 2038 nostrorum,

265 2069 394 2154 preveni
417 2089 474 2132 nos
489 2068 669 2146 clementer,
693 2070 725 2130 et
748 2089 787 2130 ne
803 2068 970 2150 permittas
994 2087 1050 2131 nos
1072 2071 1145 2132 tuos
1163 2067 1310 2146 famulos,
1334 2089 1417 2151 pau·

265 2177 411 2259 perculos
427 2172 633 2248 Christianos,
658 2173 808 2236 intrares
858 2171 899 2236 Et
915 2173 1044 2236 adiunxi
1060 2173 1169 2258 aliqua
1187 2172 1282 2238 Pater
1305 2174 1418 2235 noster

265 2287 298 2344 et
321 2281 389 2344 Ave
407 2279 516 2358 Maria,
541 2277 806 2360 committensque
829 2278 993 2360 negotium
1019 2279 1231 2362 omnipotenti
1257 2279 1325 2342 deo.
1373 2277 1418 2341 ut

266 2406 335 2449 ecce
358 2405 432 2448 vero
456 2383 539 2448 circa
562 2403 669 2446 cenem
687 2383 810 2446 revenit
833 2382 946 2466 hospes
969 2386 1001 2447 et
1024 2383 1123 2447 dixit:
1150 2381 1200 2446 »Si
1216 2383 1315 2447 vultis
1339 2383 1417 2447 dare

267 2492 416 2554 ducatum
440 2509 508 2552 cum
533 2487 673 2566 dimidio,
699 2487 858 2551 babebitis
881 2488 1060 2572 ingressum
1084 2489 1147 2552 ista
1169 2494 1270 2564 nocte,
1294 2489 1341 2552 ita
1364 2491 1418 2552 ta-

264 2617 336 2660 mcn
361 2596 478 2678 absque
501 2592 586 2657 omni
611 2593 730 2656 lumine
755 2598 788 2656 et
811 2593 908 2657 etiam
931 2593 1096 2677 lampades
1118 2593 1235 2657 debent
1251 2594 1417 2678 extingui,

266 2721 327 2785 que
349 2701 435 2763 intus
457 2705 542 2776 sunt,
567 2719 638 2761 cum
662 2698 889 2764 intraveritis.‹
937 2698 1066 2762 Auditis
1090 2699 1152 2762 hiis
1174 2699 1417 2782 suspicabamur

197 2785 202 2795 ’
266 2808 303 2870 de
327 2807 468 2889 periculo
493 2807 713 2878 vehementem
746 2807 779 2868 et
810 2805 892 2868 dixit
915 2805 1103 2868 reverendus
1126 2809 1219 2887 pater
1241 2805 1416 2890 gar-dianus

266 2912 400 2995 hospiti:
428 2911 547 2988 »Quam
565 2911 656 2974 nobis
678 2916 807 2994 pararet
823 2910 1068 2975 consolationem
1084 2911 1258 2994 paradisus,
1281 2910 1307 2974 si
1331 2932 1415 2974 esse-

266 3038 334 3080 mus
357 3016 444 3081 intus
468 3021 499 3079 et
522 3015 605 3079 nihil
621 3016 823 3080 videremus?
855 3015 907 3080 Sic
930 3037 991 3079 non
1016 3021 1064 3080 est
1087 3015 1179 3080 nobis
1195 3015 1411 3080 intrandum«

264 3120 403 3188 Tandem
428 3125 501 3205 post
521 3121 624 3185 multa
646 3123 742 3185 verba
765 3122 890 3185 devenit
923 3122 960 3184 ad
985 3120 1060 3200 hoc,
1091 3126 1128 3184 ut
1151 3122 1295 3186 daremus
1318 3141 1415 3204 pecu·

265 3227 350 3289 niam
367 3227 534 3318 prefatam,
560 3231 593 3288 et
610 3226 794 3290 deberemus
810 3247 918 3289 omnes
934 3226 1039 3289 solum
1058 3248 1156 3289 unuin
1175 3227 1279 3288 lumen
1297 3224 1416 3289 habere

266 3331 298 3394 in
332 3331 470 3396 lucerna.
517 3331 562 3415 [p.
588 3329 646 3415 74]
682 3329 774 3395 Tunc
796 3331 968 3414 gardiauus
1002 3331 1079 3395 fecit
1112 3353 1184 3396 eum
1214 3333 1415 3414 interrogare

265 3459 323 3521 per
338 3437 555 3519 interpretem,
580 3458 678 3519 quare
702 3437 747 3500 sic
773 3437 901 3500 deberet
924 3436 1003 3502 fieri.
1051 3436 1141 3500 Dixit
1157 3437 1288 3520 hospes:
1314 3435 1416 3512 »Quia

265 3544 354 3606 iuxta
369 3543 551 3625 speluncam
567 3542 706 3625 pendent
730 3541 831 3605 multe
848 3543 1008 3625 lampades
1024 3546 1174 3626 argentee
1198 3549 1230 3606 et
1252 3543 1315 3606 alia
1339 3564 1412 3624 pre·

266 3648 357 3726 tiosa,
381 3653 413 3710 et
435 3669 559 3730 semper
582 3653 657 3711 sunt
680 3647 823 3711 custodes
847 3647 930 3712 circa
953 3647 1152 3731 speluncam,
1177 3647 1232 3732 qui
1254 3648 1413 3732 vigilant;

265 3753 317 3815 sed
341 3751 405 3815 illis
428 3753 520 3815 detur
542 3775 616 3835 pars
636 3753 779 3835 pecunie,
804 3759 836 3816 et
851 3755 1012 3834 tacebunt,
1036 3759 1068 3818 et
1090 3776 1153 3818 non
1176 3757 1251 3818 sunt
1269 3754 1413 3832 timendi,

266 3857 340 3944 qnia
372 3857 435 3920 iam
458 3859 601 3921 conducti
637 3865 720 3922 sant.
767 3857 827 3922 Sed
860 3865 935 3923 sunt
969 3860 1023 3924 alii
1048 3859 1190 3942 religiosi
1221 3859 1287 3922 sive
1312 3859 1414 3922 sancti

265 3983 471 4046 paganorum,
495 3964 548 4045 qui
565 3961 751 4047 frequenter
773 3968 860 4029 stant
883 3970 1080 4048 pernoctem
1098 3967 1185 4028 intus
1208 3965 1242 4028 in
1259 3965 1413 4029 oratione.

266 4066 307 4130 Et
330 4071 461 4150 propter
484 4067 556 4130 illos
572 4071 722 4150 opportet
739 4068 943 4152 extinguere,
967 4091 1007 4133 ne
1027 4071 1155 4133 videant
1172 4090 1258 4146 vos«,
1283 4073 1315 4132 et
1338 4071 1413 4132 sub·

265 4173 384 4236 iunxit:
411 4171 497 4254 ›Ego
521 4177 626 4235 tamen
644 4171 713 4254 volo
730 4173 892 4238 vobiscum
917 4196 1000 4238 esse«
1027 4177 1085 4238 etc.
1134 4173 1301 4238 Relatione
1325 4175 1411 4240 facta

335 4398 348 4451 l
369 4397 409 4451 lst
423 4397 576 4467 jedenlalls
595 4415 628 4452 au
646 4397 799 4454 streichen.
