3054 4944
662 325 726 392 287

118 497 249 564 eoelesie
272 498 412 583 capella,
445 499 478 563 in
515 521 578 585 qua
609 503 658 564 est
679 503 816 583 punctus
838 499 1047 578 ascensionis,
1081 502 1112 563 et
1134 499 1270 582 vestigia

119 602 241 668 Christi
256 602 360 668 adhue
374 603 532 668 videntur.
578 601 619 668 Et
639 608 714 668 sunt
736 603 781 667 ibi
797 603 996 687 indulgentie
1011 601 1164 686 plenarie.
1209 601 1270 666 Sed

119 710 214 776 modo
235 709 343 774 eadem
367 709 498 774 ecelesia
522 711 689 795 apsganis
713 732 752 774 ex
773 713 866 794 perte
889 712 937 774 est
952 705 1124 786 destruota',
1147 705 1271 789 capella

119 837 195 880 vero
218 815 336 878 mansit
359 811 510 899 integra¹
537 865 544 878 .
568 863 576 878 .
600 866 607 882 .
655 813 757 879 Loous
779 815 835 879 ubi
858 814 972 880 oeoidit
993 833 1061 877 sors
1083 833 1178 894 super
1201 810 1269 874 Ma-

117 918 230 998 thiam‚
254 925 288 984 et
302 917 407 985 fantus
430 923 478 982 est
500 940 582 984 unos
605 921 642 984 de
658 919 822 984 duodecim
838 915 1002 1003 apostolis,
1025 922 1073 982 est
1095 917 1129 981 in
1146 914 1271 1003 [monte

117 1021 220 1108 Syon]
245 1024 364 1109 absque
379 1023 466 1088 omni
482 1023 605 1088 edificio
627 1025 673 1090 sie
695 1025 754 1089 sub
779 1025 861 1104 divo,
884 1030 916 1090 et
930 1023 1126 1090 solummodo
1149 1023 1182 1086 in
1205 1022 1269 1105 sig-

118 1151 195 1194 num
211 1129 299 1193 illius
321 1127 384 1194 looi
400 1136 525 1194 erectus
546 1134 594 1194 est
611 1130 742 1215 grandis
765 1130 856 1214 lapis,
880 1135 912 1194 et
926 1130 1184 1212 circumstipatus
1200 1127 1271 1190 aliis

119 1235 262 1318 quinque
285 1233 406 1319 grossis
428 1233 600 1318 lapidibus,
624 1240 657 1300 et
671 1235 822 1300 visitetur
837 1235 1021 1321 frequenter
1043 1256 1062 1298 a
1082 1233 1270 1318 peregrinis,

119 1342 151 1402 et
173 1343 249 1402 sunt
272 1338 473 1422 indulgentie
498 1337 561 1403 Vll
584 1361 738 1404 annorum
764 1346 797 1404 et
820 1337 883 1424 llll
907 1335 1127 1404 serenarum².

236 1443 281 1526 [p.
306 1441 381 1526 266]
406 1441 453 1507 De
477 1443 557 1525 loeo,
582 1445 637 1510 ubi
660 1447 772 1510 missus
796 1451 844 1510 est
865 1446 998 1529 spiritus
1019 1446 1157 1509 sanetus.

207 1599 214 1613 .
241 1599 249 1614 .
275 1601 282 1616 .
307 1549 372 1614 lste
393 1549 501 1630 loeus,
532 1550 564 1614 in
590 1571 652 1636 quo
674 1551 811 1634 apostoli
834 1550 949 1616 inclusi
972 1549 1086 1634 repleti
1108 1553 1183 1614 sunt
1205 1549 1270 1632 spi-

120 1655 184 1718 ritu
207 1659 328 1736 saneto,
352 1655 455 1719 estin
478 1659 587 1720 monte
603 1655 689 1741 Syon
713 1661 804 1720 extre
826 1656 999 1734 ecelesiam,
1023 1677 1084 1741 que
1107 1655 1200 1721 modo
1223 1659 1271 1720 est

120 1760 152 1822 in
177 1759 246 1824 loeo
269 1761 472 1824 eminentiori
489 1783 597 1826 versus
619 1761 785 1828 orientem.
832 1761 873 1826 Es
895 1765 965 1826 eret
979 1761 1136 1846 specialis,
1159 1781 1272 1824 amena

121 1871 152 1928 et
175 1865 392 1948 pulcherrima
413 1865 546 1950 depelle,
569 1867 623 1932 sed
647 1889 730 1932 anno
753 1868 872 1934 domini
895 1866 1031 1932 Mcccc
1054 1869 1200 1932 aoomata
1223 1868 1271 1929 est

120 1971 242 2054 capella
258 1972 342 2054 apud
365 1971 531 2037 soldanum
547 1995 566 2038 a
582 1972 712 2053 Mauris,
735 1974 811 2038 filiis
826 1975 956 2054 diaboli,
981 1973 1064 2058 quod
1078 1980 1159 2036 esset
1174 1991 1271 2054 supra

120 2076 325 2160 sepulchrum
349 2077 433 2161 regis
456 2075 574 2156 David,
599 2083 632 2142 et
655 2080 738 2164 quod
764 2077 900 2144 Franelri
923 2080 944 2145 i.
968 2101 997 2144 e.
1020 2075 1194 2141 Christiani
1217 2097 1269 2139 ea·
1318 2119 1320 2122 -

121 2182 232 2248 tholiei
254 2203 317 2247 non
334 2186 439 2246 essent
466 2182 555 2268 digni
579 2185 625 2248 ibi
640 2185 812 2251 ambulare.
858 2185 900 2250 Et
915 2185 1025 2250 audito
1047 2182 1107 2247 hoo
1123 2181 1271 2246 soldanus

121 2287 265 2371 precepit
280 2287 452 2368 destruere,
476 2288 577 2354 etsie
599 2289 706 2354 diruta
728 2293 761 2354 et
782 2292 945 2356 obstructa
961 2288 1131 2374 lapidibus,
1155 2289 1192 2350 ut
1214 2307 1271 2350 nee

123 2391 239 2477 aliquis
254 2391 340 2456 velet
362 2392 493 2470 intrare,
517 2392 578 2456 nisi
594 2393 827 2478 deponerentur
850 2395 980 2479 lapides,
1003 2413 1061 2458 nee
1082 2391 1120 2456 fit
1143 2391 1188 2456 ibi
1211 2391 1270 2457 sli-

123 2497 206 2580 quod
222 2496 361 2562 officinm
377 2497 549 2562 missarum
563 2496 585 2564 ⁸.
632 2497 695 2563 Sed
717 2498 833 2564 fratres
856 2505 888 2564 et
910 2499 965 2564 elii
982 2496 1156 2563 Christiani
1180 2517 1270 2580 pere-

689 2607 701 2635 Ι

191 2651 309 2707 ll'abri
329 2653 350 2716 1,
369 2652 421 2709 388
439 2652 585 2716 beriohtet
614 2653 678 2708 dass
705 2673 771 2709 men
799 2653 845 2710 die
868 2653 956 2723 grolle
973 2653 1067 2708 kirohe
1096 2652 1147 2706 mit
1176 2652 1272 2706 keiner

119 2740 205 2796 deolre
225 2740 297 2795 habe
315 2740 448 2796 versehen
467 2741 587 2806 konnen,
605 2741 669 2797 weil
689 2741 734 2797 die
755 2743 845 2798 steine
862 2743 912 2796 der
924 2743 1049 2812 gewolbe
1067 2741 1147 2796 nieht
1165 2739 1271 2794 hielten

119 2828 239 2884 eondern
259 2828 359 2882 immer
376 2828 512 2884 hernnter
527 2831 660 2894 stiiraten,
681 2847 737 2884 was
749 2847 815 2886 men
835 2832 877 2886 als
896 2830 958 2886 eine
969 2829 1095 2898 weisung
1113 2831 1207 2899 gottes
1224 2829 1270 2882 be

120 2917 268 2980 trachtete,
287 2915 341 2972 den
355 2917 410 2970 bau
429 2917 501 2973 ohne
513 2918 586 2973 doeh
605 2937 639 2972 su
652 2919 753 2974 lassen.
792 2917 840 2974 Die
851 2918 978 2974 eohtheit
992 2917 1041 2972 der
1053 2915 1271 2971 himmelfehrts·

121 2997 202 3060 stelle
221 3004 317 3058 wurde
336 3021 399 3060 vom
417 3003 500 3074 jahre
519 3005 570 3061 315
589 3005 633 3059 bis
651 3005 695 3060 ins
708 3005 804 3075 vorige
814 3003 1003 3073 jehrhundert
1021 3003 1100 3058 nieht
1117 3004 1147 3057 in
1166 3002 1269 3057 zweifel

121 3108 259 3161 gezognn.
277 3095 335 3147 erst
354 3093 439 3148 Korte
458 3093 573 3148 bestritt
590 3095 630 3148 sie
648 3093 705 3148 und
725 3094 826 3150 Tobler
844 3091 963 3148 schliesst
991 3091 1050 3146 sioh
1067 3091 1127 3144 ihm
1148 3107 1192 3144 an.
1230 3089 1270 3144 Si·

121 3179 283 3249 loahquelle
301 3198 328 3250 p.
347 3181 381 3237 85
399 3179 428 3235 ff.
464 3181 546 3252 Sepp,
565 3181 620 3237 Jer.
640 3183 660 3248 1,
679 3183 731 3237 684
750 3181 777 3238 ff.
796 3183 834 3236 ist
853 3181 985 3250 dagegen
1013 3181 1059 3234 hir
1078 3179 1122 3234 die
1140 3178 1270 3234 eohtheit.

120 3267 136 3320 2
154 3265 239 3320 Fabri
260 3267 279 3330 Ι,
299 3269 351 3323 273
369 3267 476 3338 sprioht
495 3285 548 3323 son
568 3269 659 3324 einem
678 3269 750 3341 lapis
767 3269 884 3339 quidam
903 3269 1012 3324 rubeus.
1119 3269 1135 3322 3
1155 3267 1224 3322 Eine
1242 3284 1272 3323 so

120 3369 231 3422 genam
249 3353 360 3423 angsbe
380 3354 428 3410 des
442 3355 548 3426 jahres‚
566 3356 595 3410 in
609 3356 743 3412 welohem
761 3357 807 3412 die
820 3357 933 3428 tapelle
949 3359 1067 3412 serstort
1081 3355 1194 3412 worden
1212 3355 1271 3410 sein

119 3441 189 3504 soll,
216 3440 306 3496 findet
330 3441 387 3496 sich
416 3441 459 3498 bei
480 3441 588 3497 heinem
609 3443 716 3499 andern
735 3444 834 3514 pilger.
873 3444 955 3500 Fabri
976 3445 1011 3508 ll,
1029 3443 1082 3499 320
1100 3443 1209 3499 eratblt
1227 3441 1273 3496 die

121 3531 287 3598 serator-ung
304 3528 384 3592 auch,
403 3528 471 3584 aber
489 3529 561 3585 ohne
579 3533 690 3602 angebo
709 3531 786 3588 einer
800 3531 970 3602 jabreeeehl.
1009 3531 1073 3601 Vgl.
1091 3533 1162 3588 noeh
1188 3531 1273 3586 Fabri

119 3615 139 3678 1,
159 3615 214 3670 244
233 3615 252 3670 f.
271 3615 329 3669 und
347 3615 408 3679 253,
426 3616 509 3672 sowie
521 3615 600 3672 Tobl.
613 3617 680 3688 Top.
696 3617 729 3684 ll,
745 3619 793 3674 122
806 3619 825 3673 f.
862 3617 1002 3674 Geisheim
1018 3621 1068 3675 134
1080 3620 1177 3684 meint,
1197 3618 1272 3673 diese

119 3701 234 3774 kepelle
252 3702 292 3758 sei
309 3703 367 3757 erst
380 3701 579 3758 reserentur
590 3705 710 3770 worden,
730 3705 787 3761 und
799 3706 894 3761 hemft
912 3706 969 3761 sloh
984 3709 1026 3762 als
1040 3707 1122 3778 beleg
1141 3706 1186 3761 tur
1198 3705 1272 3761 diese

119 3789 234 3860 angebo
253 3791 305 3845 sui
314 3789 449 3846 Ghistele.
489 3791 555 3847 Nun
568 3793 647 3847 fnhrt
665 3794 732 3849 eber
745 3794 878 3859 Ghistele,
896 3795 946 3850 der
955 3795 1039 3850 sehon
1057 3795 1097 3848 im
1107 3793 1191 3864 jahre
1207 3793 1272 3847 1482

119 3886 150 3940 in
168 3881 325 3937 Jerusalem
344 3897 412 3947 war,
431 3877 478 3935 die
496 3879 607 3950 hspelle
625 3880 727 3937 bereits
746 3882 789 3938 ele
807 3883 924 3938 serstbrt
943 3901 989 3948 an,
1009 3882 1060 3937 wie
1079 3899 1130 3936 eus
1148 3881 1198 3934 der
1217 3897 1272 3936 von

119 3969 261 4028 Geisheim
281 3969 368 4024 selbot
386 3967 514 4024 eitierten
533 3967 615 4023 stelle
633 3968 812 4040 herworgeht.
839 3969 931 4025 Wenn
949 3970 995 4026 die
1009 3968 1205 4026 vonWalther
1224 3983 1272 4021 an·

119 4057 263 4130 gegebene
281 4058 337 4111 seit
354 4057 403 4112 der
416 4059 579 4126 serstbrnng
598 4056 703 4128 richtig
714 4063 798 4123 wtre,
816 4057 922 4114 honnte
940 4058 985 4113 die
1000 4057 1113 4128 kepelle
1127 4055 1269 4111 nathrlieh

118 4146 200 4202 nieht
217 4165 282 4203 vom
301 4147 404 4215 herzog
421 4144 535 4216 Philipp
549 4163 602 4202 von
616 4145 752 4216 burgund
770 4147 877 4217 gebest
898 4147 1008 4204 worden
1026 4143 1092 4207 sein,
1115 4143 1167 4198 wie
1180 4141 1271 4198 Ghist.

119 4235 239 4305 engiebt
256 4233 339 4305 (neoh
358 4231 442 4288 llabri
463 4233 496 4297 ll,
515 4235 567 4290 320
585 4235 666 4289 batte
692 4233 738 4290 ein
757 4235 956 4290 lranebsieoher
974 4231 1061 4301 kbnig
1091 4231 1136 4286 die
1156 4229 1270 4299 kapelle

118 4321 246 4393 gebest),
264 4321 332 4378 aber
342 4338 433 4392 gegen
451 4321 497 4378 die
509 4320 673 4392 riohtiglreit
684 4321 734 4376 der
744 4340 798 4379 von
808 4321 939 4377 Waltber
952 4319 1152 4390 angegebenen
1163 4316 1272 4388 jahres·

118 4411 183 4466 zahl
202 4409 311 4482 sprioht
337 4407 387 4464 der
406 4408 553 4473 umstand,
581 4409 646 4464 dass
663 4408 804 4480 Plintzing
825 4411 938 4465 148611.
960 4409 1026 4462 1440
1047 4406 1141 4480 (nour.
1162 4405 1272 4465 Meissn.
