3056 4944
647 337 709 404 143

100 509 232 578 servitio
254 511 305 578 dei
327 512 421 578 mori.
465 511 533 599 Ego
556 514 696 580 mirabar
719 514 910 598 plurimum,
943 517 1098 601 quomodo
1123 524 1253 603 possent

100 616 180 681 tales
195 617 373 702 profundas
386 617 610 684 inclinationes
626 624 658 684 et
673 620 754 685 altas
764 620 960 701 saltationes,
977 627 1085 688 tantos
1096 625 1250 688 clamores
1312 649 1315 659 ·

101 728 132 786 et
154 721 284 788 labores
308 723 460 806 perlicere
482 723 551 787 sine
575 724 645 788 cibo
668 729 701 789 et
724 730 813 808 potu,
835 747 894 790 neo
916 727 1006 808 potui
1023 731 1143 808 notare,
1169 729 1252 813 quod

101 827 305 893 comederent
322 827 373 892 vel
387 827 545 892 biberent.
593 828 633 892 Et
656 834 748 894 erant
765 829 845 894 bene
861 829 974 894 inclusi
998 831 1060 895 hiis
1083 833 1195 898 diebus
1218 834 1251 897 in

100 931 224 1014 templo
248 933 310 996 duo
333 932 422 996 milia
445 938 478 996 et
500 932 647 1016 amplius,
670 940 708 998 ut
730 956 749 998 a
771 935 832 999 fide
854 933 960 1018 dignis
982 936 1100 1016 audiri,
1125 939 1163 1002 de
1185 959 1252 1004 om·

99 1037 195 1101 nibus
217 1037 387 1121 utriusque
409 1059 502 1102 sexus
519 1037 541 1104 ¹.

188 1140 332 1207 Sabatho
354 1147 463 1208 sancto
487 1144 544 1226 [29
561 1143 659 1228 Mera]
683 1145 798 1229 oliqne·
813 1145 966 1222 nationes,
990 1145 1074 1210 sieut
1090 1144 1253 1214 Catholice

99 1245 154 1311 scl.
180 1248 321 1312 minores
344 1250 378 1312 et
394 1247 562 1328 Maronite,
584 1249 708 1314 faciunt
730 1251 768 1314 de
790 1272 883 1314 mane
897 1249 1038 1315 officium
1062 1252 1166 1332 misse,
1190 1253 1250 1317 ali·

99 1374 162 1436 que
184 1374 261 1418 vero
284 1354 428 1419 nationes
451 1357 523 1438 post
546 1356 734 1440 prandium,
765 1357 872 1441 alique
895 1355 1055 1439 incipiunt
1077 1355 1160 1420 circa
1181 1378 1250 1420 res·

100 1477 194 1540 peras
229 1477 310 1524 sero.
356 1458 397 1522 Et
432 1459 465 1522 in
500 1459 570 1542 ipso
594 1458 733 1525 Sabatha
768 1465 878 1525 sancto
912 1461 996 1526 circa
1031 1459 1142 1525 horam
1176 1463 1251 1526 duo·

99 1563 257 1628 decimam
288 1563 434 1648 aperitur
470 1587 489 1628 a
521 1566 656 1648 paganis
687 1569 832 1630 sanctum
864 1564 1069 1650 sepulchrum
1082 1562 1105 1629 ⁸.
1162 1563 1252 1632 lhrnc

98 1667 227 1731 intrant
260 1672 326 1732 tres
359 1667 498 1752 episcopi
530 1669 580 1733 vel
616 1669 793 1734 sacerdotes
825 1669 884 1734 soli
915 1670 1107 1735 dominicum
1144 1671 1251 1754 sepul·

100 1771 233 1851 chrum,
256 1793 339 1836 nnus
362 1771 401 1837 de
424 1771 550 1854 Grecis,
573 1795 655 1838 unus
679 1775 717 1839 de
742 1775 906 1854 Armenia,
930 1780 963 1840 et
985 1797 1066 1840 unus
1088 1775 1126 1840 de
1151 1776 1251 1840 Abas-

99 1875 224 1956 sinis⁸,
266 1882 298 1942 et
331 1881 406 1942 eunt
445 1878 491 1943 ibi
531 1877 645 1944 inclusi
682 1901 739 1963 per
776 1882 903 1964 tempus
943 1880 1037 1944 unius
1077 1879 1213 1946 Pleeebo
1227 1881 1251 1947 ⁴.

100 1980 192 2046 Tunc
215 1983 391 2046 extendunt
422 2006 479 2068 per
502 1983 662 2049 ferumine
693 1985 838 2050 candelas
872 2006 1033 2062 accensas,
1069 1991 1099 2050 et
1132 1986 1252 2066 dicunt,

100 2086 184 2172 quod
215 2084 273 2150 ille
296 2087 381 2170 ignis
409 2087 452 2152 sit
474 2089 588 2152 missus
618 2090 656 2152 de
685 2089 762 2154 celo.
809 2088 899 2154 Tune
921 2111 1029 2154 omnes
1053 2090 1197 2155 nationes
1220 2097 1252 2156 et

101 2191 241 2275 quilibet
263 2189 358 2256 homo
381 2213 439 2276 per
467 2214 501 2257 se
523 2197 694 2258 accurrunt
724 2217 795 2260 cunr
818 2194 1010 2274 luminibus,
1044 2217 1125 2260 unus
1155 2195 1252 2261 hehet

99 2319 200 2362 nnum
216 2297 268 2361 vel
291 2299 353 2362 duo
370 2298 419 2362 rel
442 2299 516 2380 tria,
540 2299 641 2385 aliqui
658 2302 766 2366 decem
780 2301 831 2366 vel
855 2300 951 2381 ultra,
975 2300 1117 2366 volentes
1140 2322 1250 2366 accen·

100 2401 175 2466 dere
197 2405 231 2467 et
254 2401 372 2468 habere
394 2404 433 2468 de
455 2405 517 2469 isto
540 2427 622 2470 novo
646 2407 721 2491 igne
745 2406 783 2470 de
806 2407 873 2472 celo
896 2406 1002 2486 misso,
1026 2412 1058 2470 et
1080 2407 1250 2492 unusquis-

101 2529 162 2592 que
184 2507 300 2573 incidit
323 2509 356 2573 in
379 2509 488 2587 alium,
512 2515 544 2575 et
561 2511 698 2596 quilibet
714 2513 783 2576 vult
806 2533 872 2576 esse
887 2512 1019 2596 primus,
1043 2514 1075 2576 et
1098 2512 1137 2576 fit
1158 2517 1250 2576 tanta

100 2613 245 2678 turbatio
267 2619 300 2678 et
324 2619 415 2680 tenta
437 2617 630 2700 compressio
653 2621 686 2680 et
702 2616 871 2702 percussio,
895 2618 977 2702 quod
995 2617 1173 2700 exprimere
1195 2640 1249 2681 ne·

101 2741 192 2802 queo.
240 2719 282 2784 Et
306 2720 370 2784 vidi
394 2721 575 2806 episcopum
599 2723 810 2786 Armenorum
842 2723 927 2786 exire
949 2721 1152 2805 sepulchrum
1180 2743 1250 2786 eum

101 2823 222 2888 lumine
245 2845 393 2902 acconem
426 2829 504 2891 tuno
527 2827 691 2890 irruerunt
713 2829 747 2890 in
771 2847 842 2891 eum
866 2827 1067 2910 importune,
1090 2827 1173 2911 quod
1197 2827 1250 2890 rix

100 2930 148 2994 sui
171 2933 349 3014 potuerunt
379 2951 450 2995 eum
473 2929 641 2996 defendere
674 2935 706 2996 et
729 2932 912 3015 deportare,
946 2931 1024 2996 elias
1054 2929 1169 2996 fuisset
1192 2952 1249 3014 op·

669 3054 685 3085 e

171 3105 184 3157 l
205 3102 334 3158 Ghietele
351 3103 487 3159 schildert
512 3102 587 3159 diese
615 3103 684 3160 scier
702 3104 759 3159 viel
777 3104 876 3160 hdraer
895 3104 951 3159 und
970 3104 1163 3174 allgemeiner.
1200 3103 1251 3160 Die

100 3189 300 3258 mbeekirche
317 3191 389 3246 fasst
414 3207 506 3263 gegen
524 3191 595 3247 6000
614 3191 770 3248 menschen.
806 3191 884 3248 Tobl.
903 3191 985 3262 Golg.
1003 3191 1064 3246 481.
1135 3190 1251 3246 2Naeh

101 3277 184 3334 Fabri
197 3280 221 3346 1,
234 3279 287 3334 330
301 3279 403 3336 hatten
421 3281 466 3336 die
480 3279 591 3334 »Latini
605 3280 707 3336 iratres
720 3279 856 3336 Minores«
870 3279 915 3334 die
924 3278 1057 3335 schldssel
1076 3297 1125 3333 anr
1137 3279 1251 3348 grabes·

100 3365 214 3438 kepelle
233 3365 293 3421 und
313 3367 384 3422 nach
396 3367 483 3422 Wilh.
495 3383 550 3423 ron
563 3367 647 3424 Thur.
666 3366 751 3438 (llohl
767 3368 934 3432 1161111111
953 3365 1000 3430 sie,
1019 3365 1072 3421 wie
1091 3366 1252 3422 auchWal-

100 3454 163 3510 ther
175 3454 326 3521 berichtet‚
346 3455 463 3510 besitzer
476 3455 525 3510 der
538 3455 732 3526 grahhapelle.
767 3456 810 3510 Da
822 3473 880 3509 nnn
889 3453 1034 3510 Walthers
1047 3472 1077 3510 so
1089 3455 1250 3510 bestimmte

101 3543 212 3612 augabe
224 3542 313 3598 kaurn
331 3543 384 3598 auf
399 3544 491 3599 einum
500 3543 603 3598 irrturn
615 3544 739 3598 beruhen
754 3543 839 3610 kann,
858 3561 888 3599 so
899 3561 959 3598 war
972 3544 1045 3599 wohl
1058 3543 1142 3598 Fabri
1160 3543 1251 3599 falech

101 3630 250 3696 berichtet‚
269 3631 383 3687 oderes
403 3635 527 3688 mussten
547 3631 592 3687 die
611 3632 714 3687 bruder
732 3632 777 3686 1111
796 3631 841 3686 die
854 3631 1021 3686 Charwoche
1045 3630 1098 3685 den
1118 3631 1250 3686 rehldssel

101 3735 149 3772 zur
161 3717 334 3788 hapelledae
349 3719 387 3774 hl.
401 3720 502 3789 grabes
512 3737 549 3775 an
561 3719 607 3774 die
620 3719 766 3776 Moslemin
779 3719 939 3774 anslielern.
958 3717 1025 3789 Vgl.
1038 3736 1060 3774 a.
1074 3719 1121 3773 141
1137 3737 1211 3772 anm.
1224 3719 1250 3771 4.

103 3795 175 3862 liber
192 3807 240 3863 die
259 3807 379 3864 besitrer
397 3809 447 3864 der
464 3809 650 3879 grcbkapelle
667 3825 689 3865 1.
708 3807 787 3864 Το111.
806 3806 887 3876 Golg.
906 3807 958 3862 233
976 3805 1005 3862 11.
1089 3807 1106 3862 3
1126 3805 1250 3860 Hienech

100 3894 138 3951 isc
159 3895 260 3952 Febris
288 3897 401 3966 angebo
419 3897 439 3962 Ι,
459 3899 526 3953 3411
557 3897 672 3952 »Graeci
698 3897 841 3952 indudunt
867 3913 947 3950 suum
974 3895 1163 3951 sacerdotem«
1192 3892 1250 3947 und

100 3983 200 4041 ebenso
219 3983 300 4042 Tobl.
321 3985 402 4055 Golg.
421 3986 486 4050 171,
504 3985 553 4040 der
572 3985 624 4040 aul
639 3983 714 4040 diere
732 3983 814 4039 stelle
833 3985 893 4039 sich
909 3983 1046 4039 berufend
1066 3984 1147 4052 sagt:
1177 3979 1250 4032 »Dae

99 4071 138 4127 hl.
159 4072 245 4130 l'euer
273 4073 324 4144 leg
350 4073 388 4128 im
411 4075 450 4129 15.
469 4073 567 4128 Jahrb.
586 4071 616 4127 in
642 4073 691 4128 der
710 4073 792 4127 Hand
813 4072 860 4127 des
878 4071 1067 4143 griechischen
1087 4067 1250 4129 Priestarm,

99 4178 134 4214 zu
151 4160 337 4231 beriehtigen.
408 4163 425 4214 1
444 4159 563 4217 Placebo
582 4159 715 4215 bedeutet
732 4159 794 4215 hier
813 4159 1009 4228 Tolenvesper.
1045 4155 1126 4210 Diese
1145 4155 1250 4223 Vesper

99 4247 220 4318 beginm
238 4248 363 4304 numlieh
376 4249 428 4304 mit
446 4248 510 4305 dem
530 4251 616 4306 warte
628 4247 761 4312 Placebor
780 4247 820 4302 sie
839 4246 947 4310 (lauert,
967 4261 1047 4300 wenn
1067 4241 1107 4296 sie
1126 4242 1165 4294 im
1184 4239 1249 4296 chor

98 4353 246 4408 gerungen
260 4335 340 4403 vird,
358 4339 432 4392 etna
452 4338 485 4392 10
503 4336 640 4392 minuten.
675 4321 751 4391 liber
770 4335 815 4390 die
827 4335 914 4389 dener
932 4333 981 4386 der
993 4327 1182 4385 anwesenheit
1200 4328 1250 4384 der

97 4423 224 4480 bischele
242 4423 274 4478 in
292 4421 341 4478 der
361 4423 473 4496 hapelle
491 4424 539 4480 des
560 4424 599 4479 hl.
618 4423 719 4496 grabes
738 4441 759 4478 s.
778 4422 857 4480 Tobl.
877 4421 959 4492 Golg.
979 4421 1038 4476 171.
