3062 4938
653 351 694 416 37

106 523 219 588 vellem.
255 523 296 587 Et
313 545 385 589 ecce
399 525 516 604 audite,
537 527 613 610 quid
629 531 734 591 actum
751 528 810 591 sit!
835 527 1020 591 Predicante
1036 528 1249 612 Sigismundc,

105 628 277 694 adversmio
300 651 389 710 mec,
413 629 495 694 alius
520 631 648 714 quidam
671 630 772 697 frater
794 633 934 696 surrexit
957 632 990 696 in
1015 633 1170 698 dominica
1194 634 1248 696 In·

105 735 220 799 vocent
244 736 301 820 [24
326 734 454 818 Febr.],
487 737 583 800 stiam
614 737 736 802 ordinis
768 739 871 802 sancti
894 737 1052 802 Dominici
1081 737 1119 801 de
1142 738 1249 802 obser-

105 840 217 918 vantia,
241 839 347 904 frater
368 838 541 921 Johannes,
565 840 749 930 Alemanus,
773 844 806 907 in
830 843 962 907 ecclesia
983 843 1085 907 sancti
1102 841 1217 907 Leonis
1228 840 1249 921 ¹,

105 945 154 1027 qui
177 947 316 1009 attraxit
338 947 400 1010 sihi
424 951 527 1010 totum
543 948 708 1032 populum,
732 949 779 1013 its
800 953 837 1012 ut
859 948 1057 1012 adversarius
1079 969 1167 1011 meus
1190 947 1249 1012 ali·

104 1049 222 1134 quando
249 1051 303 1114 vix
319 1033 433 1115 habuit
456 1053 560 1116 decem
576 1054 751 1132 audientes,
776 1059 809 1119 et
831 1055 875 1118 sic
897 1053 1044 1118 confusus
1066 1053 1114 1116 sui
1142 1057 1249 1136 patres
1329 1114 1333 1123 ,

101 1153 156 1219 hoc
188 1161 323 1238 portare
354 1178 417 1220 non
450 1161 598 1240 poterunt
630 1163 661 1223 et
691 1159 908 1223 submiserunt
937 1159 1033 1222 aliurn
1060 1157 1248 1222 Alamanum

105 1259 166 1324 lucc
189 1260 294 1343 ipsius
316 1259 512 1345 Sigismundi
543 1263 641 1327 etiam
671 1285 734 1328 non
766 1264 991 1341 reformatum,
1024 1263 1250 1345 promittentes

100 1365 301 1448 Sigiemundo
335 1366 468 1431 mediam
503 1373 626 1451 partem
662 1368 737 1433 dare
766 1369 804 1432 de
832 1369 949 1432 oblatis
981 1368 1015 1431 iu
1044 1367 1249 1431 sermonibus.

105 1469 140 1534 Et
160 1470 205 1534 sic
231 1471 315 1536 alius
338 1471 458 1555 incepit
482 1471 647 1555 predicere
671 1473 704 1536 in
728 1477 836 1537 sancto
862 1471 1096 1549 Bartholomeo,
1121 1472 1175 1555 qui
1199 1471 1248 1534 iu·

102 1578 181 1658 cepit
204 1575 246 1640 de
263 1575 386 1639 iudaice
406 1575 517 1660 lingua
540 1581 572 1640 et
591 1577 704 1642 littera
720 1577 892 1660 predicare,
916 1576 1069 1659 pollicens
1094 1575 1125 1638 in
1142 1575 1250 1661 paucis
1286 1561 1292 1578 ¹

102 1681 206 1746 diebus
223 1681 336 1746 docere
354 1682 482 1746 eandem
501 1681 643 1747 litteram
661 1687 693 1746 et
708 1682 908 1766 gloriabatur
924 1683 962 1747 de
977 1682 1088 1746 multis
1102 1681 1248 1754 scicntis;

103 1787 234 1871 fixitque
259 1787 397 1852 litteram
415 1787 571 1852 iudaicam
594 1788 635 1852 ad
659 1787 766 1852 valvas
781 1787 982 1852 ecclesiarum
1007 1787 1097 1871 quasi
1121 1809 1177 1870 per
1199 1791 1248 1850 tc·

100 1897 162 1956 tarn
186 1891 367 1972 Venetiam,
391 1899 424 1958 et
446 1897 581 1976 propter
606 1893 769 1958 raritatem
792 1893 879 1956 illius
900 1892 1031 1957 scientie
1055 1913 1091 1956 ec
1113 1892 1248 1956 eliorum

102 1997 268 2062 uerborum
287 1999 421 2063 attraxit
437 1999 497 2062 sibi
514 1999 632 2062 iterum
647 1997 798 2082 populum
812 1997 835 2062 ².
882 1997 923 2061 Et
938 1997 983 2060 sic
998 1997 1113 2061 iterum
1136 1997 1250 2061 scisma

99 2102 180 2168 facta
206 2107 266 2168 cst.
312 2101 514 2168 Continuatis
546 2103 676 2182 diebus,
712 2107 839 2187 recepta
872 2101 1006 2186 pecunia
1036 2101 1145 2166 statim
1177 2107 1249 2184 post

101 2207 194 2274 Pasce
217 2210 365 2288 recessit,
389 2215 421 2273 et
445 2208 534 2293 quasi
558 2208 665 2272 nullus
689 2209 853 2292 profectus
876 2229 931 2271 seu
953 2206 1078 2272 fructus
1101 2205 1248 2289 provenit

101 2315 262 2380 Alamauie
286 2336 324 2378 ex
345 2314 562 2398 predicatione
576 2313 598 2379 ⁸.

181 2419 298 2484 Stante
321 2441 370 2483 me
393 2420 438 2483 sic
453 2419 598 2483 Venetiis
622 2419 653 2482 in
677 2423 833 2483 conventu
857 2420 895 2483 de
912 2419 1033 2482 Arinea
1056 2417 1164 2480 oblata
1187 2415 1246 2479 mi-

99 2525 148 2588 chi
172 2525 238 2588 fuit
260 2527 348 2588 certa
371 2523 481 2588 littera
503 2525 540 2588 ad
565 2545 677 2587 manue
700 2544 801 2601 meas,
828 2523 949 2605 scripta
972 2519 1097 2606 vulgari
1128 2518 1247 2598 italice,

99 2635 129 2694 et
152 2631 184 2694 in
210 2633 366 2714 quantuni
390 2629 553 2713 percipere
575 2627 684 2712 potui,
715 2628 787 2690 dum
813 2651 831 2690 a
861 2626 961 2690 fratre
990 2648 1052 2690 uno
1076 2625 1246 2710 legeretur,

98 2741 130 2799 et
150 2757 207 2818 per
240 2735 468 2818 interpretem,
499 2738 569 2799 eret
600 2733 655 2798 ille
686 2753 795 2796 sensus
818 2733 1004 2796 verborum:
1041 2730 1247 2794 allectissima

99 2843 188 2924 pater
212 2845 274 2904 stc.
320 2838 490 2904 Sanctitati
515 2844 618 2904 vestre
645 2839 687 2902 sit
710 2843 832 2916 uotum,
856 2857 963 2920 regam
986 2835 1138 2900 Indoruru
1162 2857 1247 2898 nunc

98 2951 276 3024 mortuum,
311 2946 365 3028 qui
389 2945 561 3010 vocabatur
590 2944 753 3010 Johaunes
777 2941 968 3027 presbyter‘
992 2947 1042 3020 et,
1075 2945 1112 3004 ut
1135 2941 1246 3018 fertur,

98 3118 200 3182 meiut;
227 3117 302 3172 denu
330 3117 400 3172 auch
429 3117 502 3171 nauh
521 3117 647 3188 Venedig
662 3052 732 3172 ⁴inurar
750 3117 801 3171 wie
828 3115 899 3170 nech
924 3113 1014 3168 vielen
1042 3112 1166 3169 anderen
1183 3112 1246 3166 ital.

99 3205 212 3260 aucun
236 3203 282 3260 die
302 3204 579 3260 buchdruckerlrunst
602 3205 688 3259 durch
713 3205 850 3260 Deutsche
869 3201 1006 3273 gebracht
1024 3200 1144 3256 worden.
1182 3201 1244 3256 Gab

96 3311 124 3348 es
148 3294 181 3364 ja
207 3294 310 3348 bereits
337 3293 407 3348 ende
432 3292 480 3348 des
500 3293 642 3365 1sj1ahrh.
661 3293 690 3348 in
719 3292 821 3358 ltalien
848 3289 987 3346 dber100
1010 3289 1142 3344 deutsche
1160 3289 1246 3343 huch-

98 3379 286 3437 druclrereien.
315 3380 441 3444 lernen,
460 3381 624 3437 Geschichte
642 3380 689 3436 des
701 3381 854 3434 deutschen
868 3377 963 3435 volites
975 3377 1029 3432 seit
1041 3376 1104 3430 dem
1117 3393 1245 3446 ausgang

98 3469 145 3522 des
163 3469 359 3524 mittelalters.
388 3467 524 3539 Freiburg
543 3469 620 3525 1883.
649 3468 670 3533 Ι,
692 3469 731 3524 ll.

168 3557 181 3610 l
204 3553 268 3625 Vgl.
293 3572 315 3608 s.
333 3555 369 3610 34
390 3571 464 3612 anm.
484 3560 508 3612 3.
615 3557 631 3611 2
660 3556 820 3611 Unterricht
847 3556 876 3609 in
903 3553 952 3608 der
971 3553 1047 3608 hebr.
1066 3551 1184 3623 sprache
1207 3551 1245 3605 ist

100 3642 254 3713 allerdinge
283 3642 328 3697 eiu
348 3643 530 3699 scuderberes
549 3645 646 3700 thema
672 3644 718 3698 ihr
737 3643 893 3714 predigten.
931 3631 1005 3697 iiber
1032 3641 1083 3696 das
1102 3639 1245 3695 wiedcrer-

100 3730 214 3785 vrechen
233 3731 283 3786 der
303 3729 381 3786 hebr.
400 3731 511 3788 audien
531 3733 588 3802 vgl.
608 3732 803 3803 Gregcrcvius,
822 3731 918 3786 Gesch.
937 3729 963 3784 d.
982 3729 1063 3784 stadt
1080 3729 1158 3784 Rom.
1185 3727 1244 3792 Vll,

99 3819 149 3874 55⁴
168 3818 197 3872 ff.
322 3817 451 3875 curaer
474 3820 630 3889 ellerdings
657 3822 744 3875 etwas
762 3817 987 3888 unerquickliche
1011 3817 1093 3872 streit
1118 3815 1157 3869 iet
1175 3812 1245 3869 doch

101 3905 151 3960 wie
168 3907 316 3962 stmtliche
336 3906 449 3962 hierauf
466 3908 627 3978 becdgliche
655 3908 783 3978 augeben
804 3906 948 3962 Walthers
973 3907 1019 3960 fur
1044 3904 1089 3960 die
1112 3902 1245 3958 kenntnis

105 3992 151 4047 der
168 3993 268 4049 hirchl.
288 3993 475 4050 verhtltnisee
494 3996 542 4050 der
560 3996 690 4066 dortigen
709 3995 867 4050 Deutscheu
886 3995 949 4050 sehr
967 3993 1152 4052 interessent,
1181 3989 1244 4043 well

105 4077 244 4150 demrtige
261 4081 349 4152 dinge
367 4099 421 4138 voa
439 4082 549 4138 keineur
572 4081 663 4152 pilger
684 4083 822 4137 berichtet
840 4081 958 4136 werden.
1065 4080 1082 4132 4
1100 4067 1174 4132 llber
1200 4075 1245 4132 die

104 4183 168 4238 rege
187 4185 241 4226 ron
255 4169 398 4225 iohannes
412 4170 566 4240 Presbyter,
585 4171 690 4227 welche
708 4171 766 4226 sich
784 4172 884 4242 linger
901 4172 944 4226 ale
961 4171 1026 4224 fdnl
1039 4165 1245 4239 jahrhunderte

106 4254 134 4310 iu
161 4257 213 4314 den
242 4258 483 4314 verschiedensten
507 4261 683 4316 veneficaen
710 4259 872 4330 lortspinnt,
900 4261 952 4314 het
978 4260 1009 4312 iu
1036 4257 1164 4311 neueeter
1189 4256 1245 4310 aeit

109 4343 225 4401 lamehe
244 4345 295 4401 das
314 4349 468 4417 gesemrnte
486 4345 649 4404 historische
667 4349 799 4402 material
812 4346 966 4418 eiugehend
986 4343 1101 4414 gepriift
1119 4341 1176 4396 und
1194 4343 1244 4398 des

109 4433 221 4488 resultat
239 4432 329 4488 dieser
347 4435 471 4504 prhlung
495 4435 525 4489 iu
549 4435 616 4491 ruci
635 4436 770 4506 langetun
789 4435 1010 4503 abhandlungen
1030 4429 1243 4486 verbffentlicht.
