3054 4944
817 323 883 388 274

274 513 370 555 unam
393 491 562 576 planitiem
584 494 617 558 in
640 499 727 576 orto,
751 502 794 581 [p.
820 496 900 584 231]
932 503 965 561 et
987 497 1034 562 ibi
1056 500 1267 566 ostenduntur
1289 503 1352 569 duo
1375 504 1421 569 di·

273 598 390 661 stincte
413 597 490 677 loca,
514 601 618 664 tamen
640 601 701 665 sibi
728 602 805 686 ipsis
832 623 982 681 connexa,
1006 601 1061 668 ecl.
1085 603 1182 686 locus,
1206 608 1261 671 ubi
1277 607 1425 674 Christus

273 705 463 785 prostratus,
486 703 608 788 ligatus
631 711 663 770 et
686 711 807 791 ceptus,
830 714 863 772 et
885 709 931 772 ibi
954 711 1003 772 est
1026 709 1167 775 remissio
1189 713 1333 795 plenaria
1355 737 1424 779 om·

274 807 362 871 nium
385 814 607 900 peccatorum,
639 815 671 874 et
693 810 800 890 locus,
824 812 879 876 ubi
901 811 1044 876 auricula
1065 832 1156 878 servo
1177 816 1340 897 pontificis
1362 817 1424 882 luit

277 914 442 992 restituta,
477 921 509 978 et
538 915 584 978 ibi
607 919 682 978 sunt
704 916 903 1000 indulgentie
924 923 1048 1000 septem
1070 939 1224 982 annorum
1248 926 1280 983 et
1301 928 1424 1005 septem

274 1039 469 1099 caronarum,
494 1023 526 1084 et
541 1020 672 1084 fuerunt
687 1021 779 1085 ambo
802 1022 880 1087 olim
903 1023 936 1086 in
960 1043 1024 1086 une
1039 1022 1171 1086 ecclesis
1186 1027 1423 1110 comprehensa,

271 1123 325 1186 sed
349 1124 440 1187 modo
463 1123 553 1187 nulle
576 1123 706 1188 ecclesia
723 1123 743 1189 ¹.

361 1227 406 1292 De
429 1229 521 1294 domo
544 1228 638 1292 Anne
661 1234 692 1292 et
715 1251 776 1315 que
801 1230 986 1296 factasunt
1012 1233 1045 1294 in
1069 1233 1120 1296 via
1150 1239 1182 1298 ct
1206 1235 1333 1299 ibidem.

361 1333 405 1396 At
422 1355 494 1398 cum
503 1354 619 1416 magno
631 1333 738 1398 furore
748 1335 907 1399 duxerunt
918 1383 926 1400 .
939 1385 947 1399 .
960 1385 967 1400 .
982 1335 1111 1402 lhesum
1123 1385 1130 1400 .
1143 1389 1150 1402 .
1162 1388 1170 1402 .
1183 1361 1241 1422 per
1253 1345 1317 1404 tam
1331 1361 1420 1424 uspe-

272 1460 338 1501 ram
356 1442 388 1502 et
399 1442 559 1522 petrosam
567 1439 662 1516 viem,
677 1439 759 1504 sicut
770 1439 863 1504 hodie
879 1446 1022 1524 apparet,
1038 1433 1237 1527 fugientibus
1250 1445 1290 1508 ab
1306 1465 1423 1510 coom-

272 1543 365 1608 nibus
381 1544 556 1627 discipulis,
580 1565 715 1629 quorum
732 1551 813 1625 octe,
838 1546 877 1610 ed
894 1546 1106 1626 diversaloce,
1129 1548 1185 1612 ubi
1207 1550 1424 1636 unnsquisque

272 1649 420 1732 sperabat
442 1669 476 1712 se
498 1669 591 1732 possa
613 1655 719 1714 tutum
744 1672 829 1724 esser
851 1652 905 1716 sed
919 1655 1026 1717 tamen
1049 1673 1108 1737 pro
1124 1659 1212 1720 certo
1226 1655 1424 1738 practicatur

273 1757 306 1817 in
322 1753 518 1820 Iharusalem
541 1758 574 1819 et
588 1755 740 1820 visitatur
755 1757 906 1840 spelunca
928 1758 962 1821 in
983 1758 1086 1822 medio
1102 1759 1230 1838 montis,
1252 1780 1314 1824 non
1339 1759 1422 1824 mul-

271 1864 338 1923 tum
354 1859 450 1943 longe
467 1860 507 1923 ab
523 1880 601 1943 agro
617 1860 860 1942 Acheldemach,
877 1863 910 1926 in
927 1885 992 1947 qua
1006 1861 1160 1946 fugerunt
1176 1867 1248 1929 octo
1265 1864 1426 1948 discipuli,

272 1971 304 2028 et
325 1969 401 2029 sunt
423 1965 467 2028 ibi
484 1965 684 2050 indulgentie
698 1972 819 2050 septem
834 1989 990 2033 annorum
1014 1975 1046 2032 et
1061 1975 1181 2052 septem
1199 1991 1383 2034 serenarum
1400 1967 1422 2032 ².

356 2069 456 2136 Judes
474 2071 606 2152 uidens,
637 2072 721 2156 quod
751 2071 860 2138 Ihesus
884 2073 1052 2138 damnatus
1075 2080 1155 2138 esset
1178 2125 1186 2140 .
1211 2123 1218 2138 .
1244 2125 1250 2137 .
1275 2074 1321 2157 [p.
1345 2073 1423 2162 232]

227 2165 232 2178 ⁸
270 2177 384 2260 laqueo
407 2197 439 2240 se
457 2177 630 2259 suspendit.
666 2177 708 2241 Et
724 2179 927 2262 presumitur,
951 2181 1033 2264 quod
1050 2179 1110 2244 ivit
1124 2180 1164 2244 ed
1180 2181 1305 2244 domum
1323 2201 1424 2261 suam,

272 2267 347 2367 quie
370 2286 439 2345 eret
461 2303 561 2364 prope
583 2282 616 2344 in
640 2282 740 2347 latere
762 2283 880 2348 montis
903 2283 1021 2349 Oliveti
1044 2285 1083 2348 ad
1099 2286 1270 2350 australem
1288 2291 1428 2369 partem,

271 2387 325 2451 ubi
349 2385 442 2452 hodie
465 2389 598 2470 apparet
620 2387 789 2470 vestigium
819 2409 875 2453 sue
898 2388 1113 2456 habitationis.
1162 2389 1203 2454 Et
1224 2390 1308 2456 hanc
1332 2391 1425 2456 hebi·

272 2491 425 2554 tationem
441 2490 519 2556 fecit
534 2491 707 2576 depingere
722 2499 832 2557 sencte
848 2491 971 2558 Helena
994 2493 1026 2557 in
1044 2495 1228 2564 memoriam
1245 2496 1331 2560 illius
1348 2518 1425 2580 pro-

272 2596 393 2660 ditoris.
439 2595 481 2659 Et
502 2596 593 2660 iuxta
616 2596 708 2660 illum
731 2597 835 2662 locum
852 2598 1034 2663 ostenditur
1057 2599 1154 2678 locus,
1178 2601 1232 2665 ubi
1256 2603 1350 2666 stetit
1372 2624 1426 2665 er-

271 2703 338 2782 bor,
362 2702 394 2765 in
418 2724 481 2786 qua
503 2723 536 2766 11
558 2702 727 2786 suspendit
738 2699 760 2767 ⁸.

331 2839 334 2847 =
357 2806 451 2872 Judei
475 2807 632 2871 intrantes
656 2809 775 2873 curiam
796 2811 886 2872 Anne
908 2807 1047 2894 ligantes
1062 2809 1193 2876 ihesum
1216 2810 1254 2874 ad
1273 2811 1420 2895 stipitem

270 2915 431 2979 cuiusdam
454 2914 537 2978 olive
561 2965 569 2980 .
595 2962 602 2978 .
627 2964 634 2978 .
671 2913 713 2977 Et
736 2914 793 2978 hec
815 2915 910 2978 arbor
930 2914 1024 2980 hodie
1039 2921 1173 2999 apparet
1196 2917 1229 2979 in
1246 2916 1334 2980 curia
1357 2939 1424 2981 me-

270 3021 331 3098 dio,
355 3021 389 3083 in
413 3020 513 3084 latera
529 3019 658 3085 ecclesie
673 3018 696 3098 ⁴,
720 3040 782 3103 que
805 3019 850 3082 ibi
871 3019 1029 3084 fabricata
1049 3023 1125 3100 stat,
1149 3042 1243 3105 quem
1261 3021 1426 3103 possident

270 3125 365 3191 Greci
388 3131 420 3189 et
442 3125 569 3191 Surieni
594 3175 602 3190 .
629 3176 634 3189 .
661 3175 668 3190 .
715 3126 756 3189 Et
787 3125 909 3188 deista
930 3125 1015 3189 olive
1036 3125 1174 3189 multum
1197 3126 1350 3208 occupavi
1374 3149 1425 3189 me

271 3231 498 3315 interrogando
521 3232 607 3312 ipsos
623 3229 830 3308 Christianos,
854 3231 909 3315 qui
933 3231 1051 3295 ibidem
1072 3231 1104 3293 in
1129 3231 1217 3294 curia
1238 3229 1271 3292 in
1289 3229 1423 3294 domun·

270 3335 349 3399 culis
364 3335 507 3412 latitant,
530 3337 638 3398 utrum
657 3339 740 3399 esset
755 3335 835 3398 idem
854 3335 959 3412 arbor,
982 3336 1015 3398 in
1032 3357 1095 3419 qua
1111 3332 1258 3400 Christus
1281 3335 1327 3419 [p.
1345 3337 1424 3419 233]

269 3439 383 3504 fuisset
398 3440 528 3524 ligatus,
550 3439 603 3504 vel
617 3439 681 3502 alia
696 3439 903 3522 supplantata
927 3488 934 3503 .
959 3489 966 3503 .
992 3491 999 3506 .
1024 3439 1079 3524 qui
1096 3440 1245 3505 dixerunt
1260 3441 1342 3504 mihi
1365 3440 1426 3505 sub

269 3544 365 3608 certis
388 3544 492 3608 verbis
517 3594 523 3607 .
548 3595 556 3610 .
580 3594 599 3624 .,
624 3546 706 3630 quod
737 3551 859 3610 certum
891 3549 988 3626 esset,
1024 3547 1107 3630 quod
1131 3544 1280 3610 Christus
1312 3545 1428 3609 fuisset

270 3651 388 3734 ligatus
411 3651 449 3714 ad
474 3651 561 3714 illam
585 3651 727 3733 stipitem
752 3655 784 3714 et
806 3673 869 3714 non
904 3657 950 3714 est
973 3651 1037 3714 alia
1058 3651 1284 3734 supplantate3
1320 3655 1353 3714 et
1388 3651 1428 3715 de

269 3754 329 3820 hoc
343 3755 500 3820 heberent
523 3760 611 3819 certe
632 3757 762 3838 scripta,
786 3757 900 3867 quibus
916 3755 1027 3820 docere
1048 3758 1189 3838 possent.
1235 3751 1303 3818 Hac
1326 3755 1426 3817 arbor

340 3897 353 3948 1
374 3893 481 3950 llbenao
500 3891 581 3946 Febri
602 3893 623 3958 1,
641 3891 693 3948 379
712 3893 738 3949 ff.
811 3894 827 3946 2
845 3893 928 3948 Fabri
948 3893 969 3958 1,
989 3895 1038 3947 421
1061 3893 1170 3948 eberiso.
1241 3892 1258 3946 3
1278 3889 1332 3944 hin
1353 3891 1428 3944 hans

268 3983 316 4038 des
329 3981 416 4038 ludes
436 3981 492 4035 und
511 3981 561 4035 des
575 3981 705 4050 gemdlde
723 3982 771 4036 der
784 3981 891 4037 Helena
907 3983 1035 4036 erwthnt
1048 3981 1132 4034 Fabri
1150 3979 1238 4044 nicht,
1257 3980 1331 4034 wohl
1351 3979 1423 4035 aber

269 4071 324 4126 den
349 4071 449 4136 beum,
476 4091 513 4126 an
541 4073 604 4126 dem
632 4069 721 4124 ludas
748 4071 806 4126 sich
833 4074 955 4140 arhbngt
986 4070 1078 4125 haben
1105 4067 1169 4124 soll.
1206 4065 1291 4121 Fabri
1311 4067 1339 4130 l,
1359 4069 1424 4124 421.
1478 4081 1492 4096 ·

269 4163 285 4214 4
303 4161 428 4216 Wanner
446 4159 512 4214 teilt
529 4159 603 4214 diese
620 4159 715 4212 lrirche
733 4157 786 4212 den
805 4157 970 4214 Armeniern
989 4175 1030 4219 nu,
1050 4157 1138 4211 neunt
1156 4155 1195 4210 sie
1216 4172 1266 4208 »zu
1291 4153 1346 4208 den
1366 4151 1429 4209 En-

268 4250 350 4318 gelm
364 4249 428 4303 und
446 4248 593 4310 berichtet,
611 4246 676 4300 dees
694 4245 743 4300 der
762 4246 908 4301 hoohaltar
927 4263 962 4300 en
982 4247 1032 4300 der
1049 4244 1131 4298 stelle
1149 4242 1236 4306 stehe,
1255 4259 1297 4296 wo
1315 4242 1417 4296 Annas

268 4337 362 4391 seinen
380 4335 561 4391 richterstuhl
580 4335 699 4406 gehabt;
720 4334 813 4388 rechte
832 4333 935 4388 befand
953 4334 1012 4388 sich
1033 4332 1094 4387 eine
1116 4329 1208 4384 lrleine
1228 4328 1355 4398 hapsus,
1378 4347 1423 4386 wo

269 4424 395 4479 Christus
416 4443 467 4480 von
488 4423 617 4479 Malchus
635 4423 805 4493 geschlagen
824 4422 925 4477 wrirde.
953 4419 1053 4477 ZDPV.
1074 4420 1093 4484 l,
1115 4419 1176 4476 178.
