3062 4938
836 353 878 418 52

284 548 410 612 quoque
425 530 458 592 et
475 525 539 591 alia
555 527 646 604 bona,
669 531 714 605 ut,
738 528 793 592 ubi
811 526 974 592 habundat
994 527 1157 607 delictum,
1173 527 1426 612 superhabundet

284 639 318 699 et
339 634 453 719 gratia.
499 631 581 696 Nam
606 632 639 696 iu
663 633 770 696 eadem
794 633 941 710 civitate,
970 631 1058 696 ultra
1088 654 1181 717 quam
1205 633 1291 699 credi
1315 637 1426 718 potest,

283 743 358 803 sunt
382 737 523 821 religiosi
546 737 714 822 utriusque
744 758 837 804 sexus
869 739 907 803 de
937 737 1049 802 multis
1080 739 1251 823 generibus
1273 740 1428 818 ordinum,

284 843 431 910 nonnulli
455 843 635 922 reformati,
670 844 814 908 devotam
838 848 984 928 gerentes
1006 844 1124 923 vitam,
1147 845 1243 909 ceteri
1267 865 1342 909 vero
1363 866 1427 909 om·

284 949 362 1012 nino
385 947 531 1012 dissoluti
555 952 587 1013 et
609 949 766 1032 perversi,
799 949 913 1013 incesti
936 954 969 1014 et
990 949 1208 1014 inobedientes
1238 957 1335 1034 atque
1356 971 1428 1033 pro·

282 1053 438 1138 prietarii,
461 1054 499 1118 de
523 1055 639 1138 quibus
655 1055 786 1119 reddent
802 1056 957 1120 rationem
982 1055 1201 1136 gravissimam
1226 1077 1334 1120 eorum
1358 1077 1428 1138 pre·

282 1159 341 1223 lati
356 1159 389 1222 in
406 1159 564 1224 extremis.
589 1157 737 1224 Omnium
750 1166 857 1224 autem
870 1161 1134 1225 monasteriorum
1149 1161 1315 1245 utriusque
1330 1181 1429 1239 sexus,

283 1263 527 1329 reformatorum
551 1269 583 1330 et
607 1287 669 1330 non
688 1265 943 1346 reformatorum,
969 1287 1136 1330 numerum
1159 1287 1222 1331 non
1238 1265 1394 1350 exquisivi
1408 1263 1429 1329 ¹.

282 1368 320 1434 In
344 1370 452 1434 eadem
476 1370 572 1434 etiam
595 1369 726 1434 civitate
749 1369 781 1433 in
802 1391 926 1434 summa
951 1369 1107 1436 ecoleeia²
1131 1377 1179 1435 est
1195 1372 1428 1456 patriarchatus

282 1481 315 1539 et
338 1475 471 1542 ecclesia
493 1475 681 1560 collegiata;
707 1476 753 1558 [p.
771 1475 827 1557 38]
851 1475 1036 1559 patriarcha
1058 1479 1106 1540 est
1121 1475 1287 1561 episcopus
1302 1477 1428 1541 ibidem.

282 1581 324 1645 Et
346 1581 403 1647 illo
425 1603 509 1647 anno
540 1585 573 1645 et
595 1587 739 1664 tempore
761 1579 953 1645 venerabilis
975 1581 1042 1659 vir,
1072 1581 1203 1646 devotus
1234 1587 1266 1646 et
1290 1579 1428 1660 humilis,

281 1686 401 1751 ordinis
416 1674 773 1764 Premonstratensium,
797 1691 866 1749 erat
889 1684 1073 1769 patriarcha
1095 1691 1127 1749 et
1143 1685 1345 1771 episcopus⁸.
1392 1684 1428 1750 In

281 1791 421 1857 ecclesiis
444 1796 477 1855 et
493 1790 692 1856 monasteriis
711 1791 849 1854 eiusdem
866 1791 1005 1855 civitatis
1022 1791 1226 1876 requiescunt
1241 1791 1344 1857 multa
1361 1813 1430 1856 cor·
1468 1823 1471 1830 ·

282 1919 360 1981 pora
374 1902 556 1963 sanctorum
572 1901 605 1961 et
620 1901 815 1961 sanctarum.
846 1895 883 1960 ln
907 1896 1041 1961 ecelesia
1055 1918 1192 1982 namque
1206 1899 1308 1963 sancti
1330 1897 1431 1962 Marci

282 2003 451 2088 requiescit
474 2023 590 2086 corpus
612 2001 713 2066 saneti
738 2000 836 2066 Marci
860 2000 1090 2086 evangeliste‘,
1123 2007 1158 2066 et
1189 2003 1222 2066 in
1250 2002 1360 2067 eadem
1384 2007 1431 2066 est

281 2130 399 2194 ymago
422 2109 513 2173 beate
535 2107 670 2192 virginis
685 2105 796 2187 Marie,
820 2129 913 2217 quam
938 2112 1067 2172 sanctus
1083 2105 1185 2172 Luras
1206 2109 1354 2192 depinxit
1378 2129 1431 2172 ex-

283 2247 450 2316 Grdneberg
467 2246 565 2300 ruhmt
592 2244 663 2300 anch
693 2244 738 2300 die
757 2243 903 2299 schdnheit
928 2245 978 2300 der
994 2246 1085 2301 venet
1104 2244 1212 2300 franca.
1249 2245 1334 2301 ltdhr.
1355 2245 1431 2300 Meis.

284 2335 316 2391 1).
334 2335 403 2405 pilg.
419 2333 467 2389 151
488 2352 563 2389 anm.
582 2334 610 2387 2.
638 2332 723 2386 Fabri
736 2331 785 2396 lll,
803 2333 856 2388 433
873 2331 953 2402 giebt
971 2332 1033 2388 eine
1046 2332 1212 2404 andeutung
1230 2334 1297 2390 uber
1315 2334 1363 2389 die
1383 2351 1433 2388 au·

282 2423 400 2492 ethesiga
417 2424 527 2489 trecht,
553 2420 646 2474 indam
669 2437 699 2475 er
717 2422 790 2490 negt,
810 2419 855 2474 die
873 2419 972 2476 irenen
991 2423 1087 2476 traten
1105 2420 1149 2476 hei
1168 2421 1222 2476 den
1242 2421 1331 2478 seston
1354 2439 1434 2476 »eum

281 2513 363 2566 tanto
375 2511 459 2574 fastu,
478 2527 582 2580 pompa
594 2511 623 2563 et
637 2510 755 2564 ornatu«
771 2507 827 2574 anf,
840 2507 904 2564 dass
916 2508 956 2563 sie
969 2508 1048 2563 nieht
1065 2507 1303 2566 ’Christianorum
1316 2527 1433 2566 uxoreae

281 2598 400 2654 sondern
417 2597 556 2653 »Helenae
567 2599 597 2652 et
612 2597 725 2652 Veneris
738 2595 862 2652 sodales«
883 2615 916 2650 zu
934 2597 992 2652 sein
1005 2599 1142 2664 scheinen.
1178 2595 1276 2652 Genau
1290 2597 1342 2653 wie
1353 2597 1433 2652 Wal-

281 2686 344 2739 ther
363 2685 501 2740 berichtet
518 2683 643 2739 Dietrich
664 2701 717 2740 von
736 2684 891 2739 Schachten
913 2687 1020 2756 (1491):
1051 2685 1145 2740 »huch
1164 2702 1230 2756 mag
1248 2685 1294 2739 ich
1312 2703 1434 2756 aagenn,

281 2773 332 2827 das
351 2774 399 2828 lch
418 2789 493 2826 avar
512 2789 548 2827 an
568 2771 688 2826 weibern
709 2771 791 2826 heina
810 2771 1017 2827 sehendlichere
1035 2771 1186 2842 kleidunge
1213 2771 1333 2841 genehen
1360 2773 1435 2828 habe

281 2859 557 2932 ausgeschniettann,
576 2859 627 2913 das
641 2875 707 2913 man
721 2859 863 2914 hiendenn
876 2860 948 2914 biess
961 2859 1022 2915 anff
1033 2859 1158 2914 halhenn
1171 2859 1304 2914 Rdclrenn
1319 2860 1434 2924 hienab‚

280 2949 455 3020 desgleichen
469 2948 548 3003 forne
561 2947 603 3000 bis
617 2947 706 3002 under
718 2947 763 3002 die
776 2947 866 3014 brust,
884 2947 1007 3002 darhber
1024 2947 1064 3002 sie
1076 2947 1128 3001 auf
1137 2947 1188 3002 das
1201 2947 1433 3012 allereubtileste,

280 3038 321 3092 ale
339 3037 379 3092 sie
390 3037 508 3090 ihmmer
521 3035 664 3090 fiendtenn
677 3035 815 3102 kdnnenn,
835 3036 966 3092 duchlein
981 3039 1091 3106 tragon,
1117 3035 1203 3091 sehen
1221 3035 1324 3090 kann«
1346 3036 1434 3092 Rohr.

280 3125 356 3182 Meis.
376 3123 407 3178 D.
427 3123 496 3194 pilg.
518 3124 575 3179 171.

352 3214 363 3266 1
384 3211 469 3267 Fabri
489 3211 536 3276 lll,
554 3213 606 3267 416
625 3211 653 3268 ff.
672 3212 751 3266 suere
769 3212 814 3267 die
832 3211 1010 3280 vvichtigsten
1029 3210 1135 3266 kloster
1162 3227 1213 3276 an,
1238 3211 1310 3268 ohne
1325 3210 1436 3280 jedoch

282 3301 350 3356 siber
367 3300 412 3356 die
425 3299 505 3354 nicht
517 3301 710 3356 reformierten
729 3301 775 3356 ein
793 3319 823 3356 so
835 3300 958 3355 scharlee
971 3301 1055 3355 urtcil
1074 3317 1108 3354 au
1122 3301 1210 3355 1111166
1228 3300 1279 3354 vvie
1290 3299 1436 3355 Walther.

280 3389 367 3443 2Die
385 3406 496 3444 summu
514 3389 642 3452 ecclesia,
671 3388 931 3450 kathedralhirche,
962 3405 1020 3442 war
1042 3388 1152 3443 damula
1179 3387 1267 3453 nicht,
1286 3387 1339 3443 wie
1360 3387 1437 3444 viole

279 3476 372 3546 pilger
390 3476 543 3547 glaubten,
562 3477 607 3532 die
625 3477 849 3540 Mathuskirche,
877 3477 1036 3532 sonderns.
1056 3477 1157 3542 Pietro,
1176 3495 1231 3533 von
1251 3476 1378 3541 labril,
1399 3476 1435 3532 99

282 3565 331 3619 de
350 3565 487 3620 castello
509 3564 564 3618 und
583 3581 647 3619 vom
667 3564 801 3620 variasset
827 3563 876 3618 der
894 3562 1067 3632 pilgerfahrt
1094 3564 1143 3619 des
1169 3564 1338 3634 landgralen
1358 3565 1437 3618 Wil-

279 3650 597 3721 helmvonThsrringen
612 3652 794 3707 ·‹Aleastello
784 3655 948 3721 ‹ge.nannt
974 3651 1053 3716 Kohl,
1066 3651 1181 3722 Pilgerl.
1195 3653 1221 3706 d.
1235 3653 1332 3721 landg.
1344 3653 1437 3706 Wilh.

280 3739 409 3792 vThtlr.
437 3738 553 3794 Bremen
574 3740 648 3796 1868.
662 3739 704 3794 80.
743 3739 822 3792 Diese
840 3738 936 3792 hirohe
948 3739 1042 3793 wurde
1055 3740 1105 3793 8⁴0
1119 3739 1263 3795 vollendet
1282 3741 1338 3793 und
1362 3739 1433 3795 1621

280 3843 352 3894 ganz
370 3827 533 3895 umgebaut.
569 3828 596 3882 S.
616 3827 708 3882 Marco
727 3827 1262 3886 wurdeerst1817lrathedrallxirche.
1354 3827 1436 3884 Shlr

280 3913 344 3968 hiess
363 3913 459 3970 Mallio
477 3914 589 3968 Girardi
612 3915 695 3984 (auch
712 3915 869 3982 Ghirardi),
889 3916 984 3970 wurde
1006 3917 1073 3971 1166
1091 3917 1253 3986 patriarch,
1282 3917 1350 3972 1489
1371 3935 1437 3972 car·

278 4001 357 4056 dinal
376 4001 434 4055 und
453 4001 532 4054 eturb
553 4000 628 4056 1492.
663 3999 743 4056 Naeh
762 4000 889 4068 Scheser,
911 4004 945 4059 Le
965 4021 1074 4074 voyage
1093 4005 1127 4060 de
1146 4005 1175 4060 la
1194 4005 1302 4061 saincte
1321 4005 1379 4062 cite
1400 4007 1438 4062 de

279 4089 463 4145 Hierusalem.
500 4088 611 4143 Recueil
629 4088 664 4143 de
682 4105 811 4158 voyages.
848 4091 927 4146 Paris
951 4093 1085 4157 188211,
1115 4093 1148 4148 13
1167 4111 1226 4148 war
1247 4112 1277 4148 er
1295 4093 1436 4149 Benedic-

278 4178 360 4234 tiner.
450 4180 466 4231 4
486 4177 529 4231 Da
547 4177 592 4230 die
610 4177 761 4246 folgenden
778 4178 892 4234 kirchen
912 4181 969 4234 und
989 4180 1129 4249 reliquien
1148 4180 1178 4234 in
1197 4182 1271 4236 allen
1292 4179 1439 4250 grdsseren

280 4266 507 4336 pilgerschriften
520 4265 694 4320 ausldhrlich
707 4266 885 4323 beschrieben
899 4267 1018 4332 werden,
1038 4269 1129 4324 sollen
1149 4285 1202 4322 nur
1219 4269 1284 4338 jene
1297 4270 1438 4337 angaben

281 4353 425 4409 Walthera
438 4353 665 4422 hervorgehoben
679 4355 795 4418 werden.
817 4356 921 4411 welche
940 4355 983 4410 bei
999 4355 1122 4411 anderen
1137 4355 1248 4426 pilgern
1267 4355 1324 4410 sich
1338 4357 1438 4412 aelten

280 4442 348 4497 oder
366 4459 419 4511 gar
437 4442 516 4496 nicht
534 4441 635 4498 finden.
973 4433 988 4462 ⁸
