3054 4944
795 313 861 382 886

253 487 336 564 lena,
359 491 392 551 et
414 491 489 550 sunt
511 486 556 550 ibi
572 484 771 568 indulgentie
792 491 913 569 septem
935 507 1092 551 annornm
1116 490 1149 550 et
1171 491 1293 571 septem
1316 508 1402 552 core-

253 614 367 658 nsrum
382 592 402 658 ¹.

342 693 385 783 [p.
410 697 486 776 263]
513 747 520 762 .
544 747 551 761 .
577 746 584 761 .
607 695 713 774 locus,
742 696 798 762 nbi
820 696 972 781 apperuit
994 695 1106 760 lhesus
1128 694 1257 776 Mariis,
1289 701 1340 760 est
1370 696 1403 760 in

253 802 382 887 publica
404 805 507 866 strete
527 822 638 866 versus
661 806 802 866 montem
825 800 921 886 Syon,
944 801 977 865 in
1000 805 1108 866 monle
1125 821 1233 866 versus
1255 801 1404 868 occiden-

252 905 348 970 talem
373 911 508 990 purtem,
531 927 632 991 prope
655 909 795 970 castrum
819 904 1016 984 Pisenornm‚
1039 908 1072 970 et
1095 911 1143 970 est
1165 927 1301 988 mugnus
1323 905 1404 989 lepis

252 1010 297 1074 ibi
320 1016 442 1076 erectus
465 1012 497 1076 in
521 1011 650 1094 signnm
672 1010 893 1095 apparitionis.
939 1010 981 1074 Et
1003 1011 1153 1076 visitetur
1174 1032 1194 1074 s
1215 1010 1404 1095 peregrinis,

252 1120 285 1177 et
306 1118 382 1179 sunt
405 1114 605 1200 indulgentie
628 1121 748 1198 septem
771 1136 928 1181 annorum
965 1121 997 1179 et
1029 1120 1151 1198 septem
1180 1137 1367 1180 cerenerum
1381 1113 1403 1180 ².

254 1268 262 1283 .
287 1269 294 1283 .
319 1269 326 1284 .
351 1269 358 1284 .
383 1217 493 1298 Locus,
515 1220 571 1284 ubi
586 1220 738 1304 apperuit
752 1219 863 1286 Ihesus
877 1218 1007 1300 docebo,
1030 1224 1079 1285 est
1101 1219 1157 1284 ille
1171 1219 1267 1302 locus,
1290 1221 1403 1306 inquo

252 1325 420 1406 letitabat,
443 1326 569 1411 qnando
592 1325 726 1410 reliquit
747 1326 921 1411 syndonem
944 1333 976 1390 et
1000 1325 1101 1408 fugit;
1136 1329 1168 1390 et
1190 1329 1239 1389 est
1263 1323 1295 1388 in
1319 1325 1402 1390 valle

250 1429 407 1516 Josuphst
429 1431 462 1494 in
491 1432 569 1516 pede
599 1431 718 1498 montis
740 1429 876 1512 Oliveti,
907 1453 969 1497 nou
1001 1431 1097 1516 louge
1127 1452 1147 1494 a
1180 1432 1278 1514 ponte
1314 1433 1402 1492 trans

252 1539 426 1600 torrentem
450 1533 573 1600 Cedron
596 1535 686 1600 iuxta
719 1535 925 1618 sepulchrum
952 1533 1137 1612 Absolonis,
1161 1537 1193 1596 et
1212 1531 1403 1597 visitatura

252 1640 429 1725 peregrinis
444 1643 477 1705 et
491 1645 567 1704 sunt
582 1639 782 1722 indulgentie
800 1637 861 1704 Vll
877 1661 1033 1706 annorum
1050 1644 1083 1704 et
1098 1635 1162 1702 Vll
1178 1657 1367 1702 serenarum
1378 1635 1400 1700 ³.

253 1793 301 1880 [p.
318 1795 395 1880 265]
419 1795 571 1881 Sequitur
586 1801 676 1862 sexte
698 1817 772 1881 pers
788 1795 884 1861 huius
900 1799 1066 1874 tractatus
1090 1797 1121 1860 in
1147 1817 1211 1881 qua
1225 1795 1402 1860 describere

252 1901 381 1966 intendo
406 1901 502 1984 plane
524 1899 698 1966 multarum
721 1901 883 1964 variarum
913 1899 1078 1964 nationum
1104 1899 1242 1964 fidelium
1274 1904 1307 1963 et
1330 1899 1402 1963 inli-

251 2007 368 2070 delium
392 2007 425 2070 in
448 2005 645 2071 [herusalem
668 2005 895 2069 habitantium.
944 2003 985 2067 Et
1008 2027 1067 2088 pro
1090 2004 1321 2070 fundumentsli
1353 2003 1402 2066 in-

251 2111 383 2176 tellectu
406 2112 548 2196 incipere
562 2111 636 2177 volo
657 2133 677 2176 u
696 2111 853 2176 dominice
868 2109 988 2175 Christi
1005 2112 1188 2175 escensione
1210 2115 1243 2174 et
1263 2109 1402 2173 breviter

624 2215 787 2301 hystorice
808 2235 993 2298 percurrere
1007 2214 1029 2277 ⁴.

338 2375 513 2462 Postquam
528 2375 673 2442 dominus
696 2380 805 2440 noster
820 2372 931 2439 Ihesus
946 2371 1093 2438 Christus
1116 2423 1148 2441 ..
1166 2424 1174 2438 .
1197 2373 1402 2458 legationem,

251 2503 345 2566 quem
369 2503 388 2544 e
411 2486 503 2565 putre
524 2502 581 2546 suo
612 2481 720 2546 celesti
742 2480 882 2565 occepit,
907 2529 914 2542 .
939 2529 946 2543 .
972 2531 978 2543 .
1002 2479 1158 2564 implevit,
1183 2531 1189 2544 .
1215 2530 1221 2544 .
1249 2529 1255 2542 .
1279 2479 1402 2544 virtute

251 2587 384 2670 proprie
407 2636 414 2651 .
438 2636 446 2650 .
472 2635 479 2650 .
502 2587 644 2652 escendit
675 2586 708 2650 in
733 2585 845 2652 celum.
893 2584 928 2649 ln
962 2586 1031 2650 loco
1053 2585 1245 2650 ascensionis
1269 2583 1403 2670 reliquit

250 2693 396 2756 dominus
411 2689 521 2755 lhesus
537 2692 673 2776 vestigia
692 2691 962 2756 sanctissimorum
979 2691 1095 2774 pedum
1109 2711 1250 2769 suorum,
1272 2696 1305 2753 et
1321 2689 1402 2754 dicit

250 2796 442 2880 Simplicius,
466 2797 632 2881 episcopus
647 2796 954 2876 lherosolimitsnus,
977 2796 1015 2861 de
1037 2795 1190 2875 illelom,
1213 2800 1246 2860 et
1261 2793 1401 2859 habetur

250 2901 281 2965 in
306 2901 396 2984 glosa
429 2923 525 2986 super
548 2902 688 2968 Actuum
717 2903 951 2986 apostolorum:
985 2899 1081 2965 »Cum
1106 2905 1218 2985 postes
1250 2900 1295 2964 ibi
1319 2903 1402 2964 esset

250 3007 382 3073 ecclesie
404 3008 571 3088 edificata,
603 3008 691 3074 locus
714 3009 788 3088 ille,
821 3009 854 3072 in
888 3029 950 3092 quo
972 3009 1132 3071 steterunt
1153 3026 1243 3070 sucre
1266 3005 1402 3089 vestigio

250 3111 370 3178 Christi
394 3115 603 3193 ascendentis,
626 3136 791 3199 nunquam
814 3113 921 3197 potuit
942 3113 1041 3177 sterni
1065 3111 1304 3196 pavimentum,
1326 3133 1402 3196 ymo

249 3217 394 3280 resilibut
417 3218 450 3280 in
473 3239 529 3281 ors
543 3217 797 3283 collocantium.
847 3215 916 3281 Hec
937 3216 1002 3281 ille.
1049 3215 1143 3280 Modo
1158 3221 1265 3281 cutem
1281 3217 1401 3282 nostris

251 3322 448 3404 temporibus
463 3323 676 3388 ostenduntur
691 3323 869 3408 peregrinis
885 3322 988 3387 adhuc
1003 3321 1149 3405 vestigia,
1172 3341 1234 3406 que
1249 3344 1305 3388 ore
1320 3343 1402 3402 meo,

250 3426 312 3490 hen
335 3425 476 3509 polluto,
499 3427 605 3510 sepius
627 3427 790 3492 osculatus
812 3447 890 3491 sum.
938 3426 979 3490 Et
1008 3426 1072 3490 fuit
1094 3427 1171 3492 olim
1194 3425 1327 3492 ecclesis
1349 3449 1400 3492 so-

249 3531 363 3596 lemnis
386 3553 405 3595 a
427 3532 520 3596 besta
542 3531 665 3596 Helene
686 3535 823 3597 rotunde
845 3535 1036 3612 constructe,
1060 3538 1093 3598 et
1116 3533 1150 3598 in
1173 3534 1276 3600 medio
1299 3533 1401 3618 ipsius

320 3777 331 3829 l
353 3774 437 3830 Fabri
455 3775 475 3840 1,
495 3775 547 3831 289
564 3775 671 3847 spricht
690 3795 744 3834 von
770 3775 842 3832 »duo
860 3776 956 3832 circuli
973 3777 1096 3848 quinque
1115 3776 1244 3848 passibus
1271 3777 1310 3831 ab
1328 3777 1400 3832 inri-

248 3880 305 3918 cem
326 3863 491 3918 distantes«.
526 3850 602 3918 llber
629 3864 683 3920 den
708 3868 753 3922 ort
771 3863 847 3920 siche
865 3865 943 3922 Tobl.
962 3865 1044 3934 Golg.
1063 3865 1115 3920 358
1133 3864 1161 3922 ff.
1253 3865 1400 3922 2ubenso

248 3951 332 4006 l'ubri
352 3952 371 4016 l,
390 3951 450 4007 268.
487 3951 552 4021 Vgl.
571 3953 650 4008 Tobl.
669 3952 736 4023 Top.
754 3953 776 4020 l,
794 3954 845 4009 447
864 3953 893 4007 ff.
990 3955 1007 4009 3
1025 3951 1110 4008 Fabri
1128 3951 1149 4017 1,
1168 3955 1216 4008 411
1238 3953 1397 4009 beschreibt

248 4039 322 4095 diese
341 4039 426 4094 hbhle
444 4040 624 4096 snsldhrlich.
662 4039 708 4096 Bci
726 4040 798 4112 Sepp
810 4041 830 4106 1,
844 4041 895 4096 280
907 4039 937 4098 ff.
955 4041 1027 4096 such
1040 4041 1187 4112 grundriss
1205 4037 1264 4097 und
1280 4041 1400 4098 snsicht.

247 4129 264 4179 4
283 4127 366 4180 Fabri
385 4127 420 4192 ll,
439 4129 493 4182 232
511 4125 554 4182 bis
573 4129 625 4184 323
644 4127 1399 4200 111111111111111111113181111111111111111111111

249 4215 315 4270 liber
333 4215 379 4271 die
396 4216 549 4270 schicksele
566 4215 615 4270 der
633 4217 712 4271 stsdt
724 4217 879 4272 Jerusalem
893 4218 943 4272 wie
954 4217 1084 4274 Walther
1103 4217 1132 4272 in
1146 4217 1249 4274 diesem
1263 4222 1395 4275 tractate.

251 4303 332 4358 Beide
351 4303 443 4359 hsben
461 4306 534 4362 wohl
553 4321 603 4358 aus
621 4305 830 4372 gemeinsamen
853 4307 965 4374 quellen
984 4305 1141 4376 geschoplt,
1166 4306 1265 4376 jedoch
1295 4308 1334 4362 ist
1351 4307 1396 4363 die

249 4394 295 4446 art
313 4389 361 4446 der
380 4391 559 4462 derstellung
577 4393 638 4448 eine
656 4409 729 4465 ganz
749 4394 938 4452 verchiedens.
