3054 4944
657 323 722 390 259

112 503 188 566 tuor
202 500 307 581 libris,
330 505 368 566 ut
383 501 512 566 duceret
536 521 593 566 nos
615 501 654 566 ad
670 501 796 588 galeam
812 506 964 581 nostram,
988 501 1098 586 ibique
1114 500 1267 586 vellemus
1354 570 1358 580 ,

110 606 174 670 sibi
189 606 314 670 solvere
328 606 515 670 mercedem.
563 605 606 669 Et
628 626 700 670 cum
720 607 866 672 stetimus
889 609 935 671 sic
958 627 1054 689 super
1076 605 1155 669 litus
1172 605 1267 669 maris

111 713 334 795 exspectantes
350 711 609 794 preparationem
625 711 780 790 navicule,
804 711 908 776 estitit
924 711 1014 775 iuxta
1030 710 1158 795 quidum
1174 709 1268 774 realis

111 817 169 896 vir,
195 816 252 900 qui
266 815 390 898 incepit
405 814 495 899 loqui
512 814 720 880 teutonicum.
766 814 908 880 Audiens
923 818 1030 880 autem
1054 836 1126 879 eum
1141 813 1269 899 gavisus

109 921 250 988 multum
265 939 384 1006 rogans
399 940 482 998 eum,
509 925 546 982 ut
562 940 619 983 nos
635 919 751 984 iuvcet.
797 919 857 996 Qui
875 921 1053 1004 respondit:
1077 918 1156 984 >Vir
1171 924 1270 984 nauta

112 1032 160 1092 est
175 1026 306 1105 solidus,
329 1025 383 1088 sed
408 1024 440 1088 in
456 1046 521 1090 unc
536 1025 615 1090 hora
638 1047 701 1090 non
717 1027 851 1106 exibit«,
875 1033 907 1092 et
922 1027 1058 1111 cogebat
1073 1047 1130 1092 nos
1146 1025 1269 1090 intrare

111 1130 280 1196 castellum
313 1133 346 1194 et
367 1151 457 1194 susm
480 1129 607 1194 domum
631 1135 664 1194 et
685 1151 809 1195 sumere
831 1131 1049 1199 refectionem.
1096 1129 1154 1195 Oui
1177 1129 1268 1214 aqui-

110 1237 244 1316 evimus,
268 1239 301 1300 et
322 1234 413 1299 valde
436 1235 557 1318 optime
581 1237 733 1300 tractavit
755 1257 813 1302 nos
844 1236 878 1300 in
903 1238 985 1302 bono
1007 1237 1098 1316 vino,
1133 1257 1214 1319 pane
1237 1239 1270 1298 et

111 1343 265 1427 piscibus,
289 1341 545 1404 recommendans
573 1361 630 1405 nos
653 1345 750 1405 naute
773 1341 896 1406 dicens:
930 1341 1020 1426 »Ego
1043 1343 1092 1406 vir
1114 1341 1270 1424 magister

111 1445 277 1512 Corradus
299 1445 338 1510 de
360 1443 533 1530 Nurberga
566 1445 603 1510 de
626 1445 809 1511 bombardis
824 1447 868 1512 ¹«.
914 1447 997 1513 Item
1029 1449 1099 1532 ipsa
1131 1467 1201 1512 sero
1235 1445 1269 1508 in

112 1551 257 1618 tenebris
281 1550 501 1634 navigavimus
525 1551 556 1614 in
582 1551 715 1634 parvula
737 1553 898 1633 navicula,
926 1558 963 1617 'et
985 1553 1130 1618 dominus
1152 1552 1269 1615 iterum

110 1659 205 1724 nobis
215 1655 468 1722 misericorditer
480 1655 586 1720 astitit
602 1661 634 1720 et
650 1655 728 1721 fecit
740 1662 863 1722 tantam
875 1658 1146 1744 tranquillitatem
1162 1655 1269 1736 maris,

110 1764 195 1850 quod
213 1783 273 1827 nec
288 1761 423 1828 minime
437 1761 538 1826 motio
553 1760 616 1826 fuit
629 1759 652 1839 ¹,
676 1783 840 1849 quousque
855 1765 1056 1848 pervenimus
1077 1765 1116 1828 ad
1132 1762 1268 1847 gelecm.

110 1869 154 1934 Et
177 1891 251 1934 cum
275 1887 401 1932 eramus
424 1888 525 1950 prope
547 1867 689 1950 galeam,
712 1873 745 1932 et
767 1870 899 1934 tenebre
921 1870 1021 1954 spisse
1043 1873 1152 1947 erant,
1185 1868 1268 1953 quod

112 1995 306 2060 cognoscere
328 1975 472 2036 nostram
493 1971 619 2057 geleem
642 1995 705 2038 non
728 1976 928 2057 poteramus,
952 1979 1051 2039 naute
1074 1979 1182 2039 noster
1203 1973 1268 2038 cle·

108 2080 230 2158 mavit,
263 2081 353 2144 cuius
378 2081 466 2142 esset
497 2076 555 2142 hec
578 2077 679 2162 galea
726 2078 949 2163 Respondent,
984 2081 1066 2166 quod
1090 2101 1155 2145 esse
1177 2077 1270 2164 galea

108 2186 233 2254 domini
257 2183 357 2250 Marci
385 2183 424 2248 de
447 2180 603 2248 Lordano.
649 2184 719 2270 Ego
742 2185 883 2250 aiebam:
914 2184 1018 2250 »Laus
1042 2185 1116 2266 deo,
1141 2184 1197 2270 qui
1218 2204 1270 2250 me

111 2313 279 2377 nunquam
303 2287 495 2373 dereliquit,
529 2289 607 2356 licet
638 2314 689 2356 me
711 2293 817 2376 sepius
840 2292 971 2358 fortiter
994 2292 1181 2378 probavitlr
1229 2290 1270 2354 Et

110 2396 236 2474 statim,
259 2399 296 2460 ut
312 2393 541 2460 intellexerunt
557 2401 713 2480 patronus
737 2401 769 2462 et
784 2403 975 2464 mercatores
998 2420 1055 2464 nos
1070 2399 1187 2476 adesse,
1212 2417 1269 2481 ga-

111 2501 173 2566 visi
198 2505 273 2566 sunt
294 2499 433 2566 multum
465 2505 592 2566 etcum
615 2523 738 2568 summo
761 2503 879 2587 gaudio
902 2525 960 2568 nos
982 2505 1206 2587 susceperunt,
1238 2504 1270 2564 et

109 2608 225 2672 statim
248 2605 349 2670 libere
371 2606 535 2670 solverunt
558 2613 699 2672 nautam.
745 2607 787 2673 Et
810 2608 892 2674 dixit
907 2613 1073 2693 patronus,
1097 2607 1181 2692 quod
1205 2627 1268 2670 non

110 2713 211 2778 vellet
233 2711 375 2795 recipere
399 2711 516 2796 viginti
540 2713 683 2792 ducatos,
707 2713 791 2797 quod
815 2733 878 2777 non
901 2713 1095 2778 venissemus
1117 2713 1157 2777 cd
1180 2733 1269 2789 eum3

111 2823 145 2883 et
166 2818 214 2882 sic
228 2817 376 2882 dominus
391 2819 549 2882 convertit
565 2817 686 2882 luctum
705 2821 849 2882 nostrum
873 2818 1084 2902 ingaudium.
1130 2817 1172 2882 Et
1194 2839 1268 2882 nar-

110 2927 264 2990 raverunt
289 2921 378 3002 mihi,
402 2923 485 3008 quod
508 2922 700 3006 incepissent
724 2924 875 3007 navigare
900 2945 972 2988 cum
995 2923 1102 3008 galea,
1126 2926 1159 2987 et
1182 2923 1270 2986 venit

111 3031 156 3094 eis
180 3031 274 3093 tenta
297 3027 441 3108 fortune,
473 3033 510 3094 ut
541 3050 612 3093 cum
645 3050 763 3112 magna
785 3028 978 3094 difficultate
1002 3029 1207 3093 revertissent
1229 3027 1268 3090 ad

110 3135 237 3212 locum,
260 3133 316 3198 ubi
339 3133 448 3212 stetit,
484 3137 517 3196 et
538 3132 774 3196 subiunxerunt
797 3133 953 3198 dicentes:
994 3131 1080 3198 »Nos
1103 3132 1269 3211 credimus,

114 3242 199 3326 quod
216 3239 509 3322 deusomnipotens
529 3237 634 3304 noluit
657 3259 714 3302 nos
728 3238 914 3321 permittere
929 3238 986 3317 ire,
1010 3237 1072 3302 nisi
1088 3258 1143 3301 vos
1158 3237 1270 3301 essetis

111 3347 310 3412 nobiscum«.
357 3343 399 3408 Et
422 3344 504 3428 quod
526 3343 600 3427 plus
633 3347 698 3423 est,
730 3345 764 3408 in
796 3343 866 3428 ipse
888 3347 981 3408 nocte
1006 3343 1145 3408 surrexit
1168 3342 1269 3408 bonus

112 3455 237 3530 ventus,
260 3454 293 3514 et
309 3448 527 3534 navigavimus
551 3469 650 3534 usque
673 3448 711 3512 ad
735 3447 852 3512 festum
868 3449 971 3514 sancti
990 3447 1111 3512 Thcme
1128 3447 1267 3513 Oentua-

111 3555 226 3622 riensis
250 3553 308 3639 [29
325 3551 423 3637 Dec.],
447 3559 480 3618 et
495 3554 646 3619 dixerunt
660 3555 778 3619 iterum
804 3575 928 3620 omnes:
954 3552 1046 3618 »Hoc
1069 3555 1186 3620 bonum
1211 3554 1269 3618 ha-

112 3663 222 3726 bemus
246 3663 379 3743 propter
406 3658 523 3723 fratres
546 3665 702 3724 nostros«.
749 3657 787 3722 In
810 3663 903 3725 nocte
926 3681 1001 3724 vero
1029 3659 1174 3744 sequenti
1197 3681 1268 3724 mu-

113 3773 199 3832 tatus
224 3768 274 3829 est
289 3770 403 3829 ventus
425 3768 457 3830 et
472 3763 576 3830 factus
599 3769 646 3830 cst
661 3766 840 3830 contrarius
855 3765 948 3830 nobis
961 3765 985 3845 ⁸,
1009 3769 1042 3830 et
1065 3785 1138 3830 cum
1153 3784 1270 3848 magno

114 3873 234 3960 frigore
257 3869 472 3954 applicuimus
494 3875 623 3954 portum
647 3871 743 3934 muris
764 3870 855 3934 iuxta
876 3871 1042 3936 civitatem
1057 3868 1233 3934 Sibinicunr
1246 3866 1269 3945 ⁴,

699 3997 718 4032 ι

184 4067 197 4120 l
218 4063 289 4118 Hier
308 4061 416 4116 scheint
433 4059 508 4116 beim
520 4060 701 4117 cbschreiben
714 4062 803 4116 etwas
817 4059 1019 4130 ausgeblieben
1037 4058 1105 4113 sein.
1140 4055 1224 4112 Harff
1235 4057 1267 4112 67

111 4153 170 4208 tras
185 4153 217 4208 in
237 4149 345 4208 Medon
369 4149 450 4204 einen
468 4148 619 4204 deutschen
638 4148 881 4204 bdehsenmeister.
987 4149 1003 4201 2
1030 4145 1115 4202 Fabri
1132 4144 1183 4210 111,
1201 4145 1268 4199 368:

112 4240 208 4296 »nulla
227 4237 273 4292 vie
292 4236 370 4292 venti
390 4234 497 4290 affuit«.
604 4237 621 4292 3
640 4235 724 4290 Fabri
737 4237 786 4302 ΙΙΙ,
805 4236 873 4292 365:
899 4238 978 4291 »crat
997 4235 1095 4287 ventus
1113 4229 1193 4288 nobis
1212 4249 1270 4288 cm-

107 4333 174 4387 nino
193 4322 382 4385 contrarius«.
489 4327 505 4376 4
524 4323 621 4378 Febris
642 4321 723 4378 schiff
738 4339 797 4378 war
816 4323 846 4378 in
867 4325 916 4379 der
937 4322 1010 4378 nthc
1029 4337 1083 4376 von
1102 4319 1269 4386 Sibenicum,

106 4417 174 4474 kam
194 4415 268 4473 aber
289 4411 371 4466 nicht
390 4411 448 4466 bin.
483 4410 568 4466 Febri
586 4411 636 4476 111,
649 4411 709 4468 366.

1044 4499 1112 4566 17*
