3062 4938
683 340 701 404 5

124 517 240 582 vicario
256 517 426 596 ridebitur,
450 515 509 580 sub
533 515 620 580 illius
635 514 816 579 obedientie
831 535 994 580 remanere
1015 535 1052 578 ao
1067 514 1266 598 postmodum

121 624 157 687 de
180 623 280 706 ipsius
303 622 413 686 vicarii
437 621 568 686 licentia
590 619 793 705 sepulchrum
825 642 860 686 ec
883 620 952 686 loca
973 619 1037 684 alia
1060 619 1269 684 ultramarina

120 727 300 792 huiusmodi
322 729 454 792 visitare
476 748 513 791 ac
535 727 568 790 in
593 727 709 792 eisdem
726 726 874 810 partibus
889 723 1108 790 ultramarinis
1131 746 1189 808 pro
1211 745 1268 788 sua

119 834 286 898 devotione
308 833 433 897 tamdiu
455 832 568 916 (donee
591 853 650 915 per
671 853 743 896 suos
765 831 945 916 superiores
971 830 1010 894 de
1033 850 1069 894 eo
1092 829 1178 893 aliud
1202 830 1265 893 dis-

118 941 270 1022 ponatur)
293 958 480 1022 permanere
500 936 600 1001 libere
624 941 656 1000 et
672 936 761 1001 licite
777 936 890 1016 valeat,
915 935 1084 1002 concedere
1106 939 1138 998 et
1160 933 1266 998 indul·

115 1065 190 1128 gere
215 1043 393 1129 dignemini
416 1043 454 1107 de
477 1043 582 1127 gratia
604 1041 744 1125 speciali,
767 1041 1048 1107 nonobstantibus
1064 1039 1266 1106 constitutio·

116 1149 210 1214 nibus
231 1149 469 1214 ordinationum
493 1153 525 1212 et
545 1147 799 1231 prohibitionum
816 1147 999 1232 apostolicis
1021 1167 1079 1210 nec
1101 1165 1164 1210 non
1187 1144 1265 1209 dieti

114 1253 235 1318 ordinis
251 1253 382 1319 statutis
405 1257 438 1318 et
453 1237 744 1333 consuetudinibus,
768 1255 865 1318 etiam
885 1254 1063 1318 iuramento
1086 1255 1146 1316 etc.
1170 1251 1264 1315 robo-

113 1358 202 1438 ratis,
231 1359 408 1443 ceterisque
430 1358 600 1424 contrariis
623 1351 874 1444 quibuscunque.
920 1357 1119 1438 Concessum,
1151 1360 1188 1421 ut
1210 1377 1264 1439 po·

111 1463 205 1544 titur,
234 1464 268 1528 in
292 1463 453 1547 presentia
475 1463 596 1527 domini
618 1462 722 1527 nostri
743 1481 825 1546 pepe
848 1485 906 1547 per
928 1461 1113 1537 Salernum
1137 1464 1170 1526 et
1192 1481 1263 1524 oum

110 1589 176 1632 uno
200 1571 287 1635 socio
310 1589 368 1653 per
383 1590 455 1632 eum
471 1568 627 1653 eligendo,
651 1572 684 1632 et
700 1569 783 1652 quod
803 1567 870 1632 sola
895 1569 1062 1654 signatura
1076 1565 1263 1632 sanctitatis

110 1672 229 1738 Vestre
243 1674 384 1740 sufficiat
398 1673 523 1758 ‚absque
538 1674 719 1738 litterarum
738 1674 871 1758 desuper
887 1674 1097 1759 expeditione.
1144 1671 1263 1736 Datum

108 1778 214 1844 Rome
246 1779 331 1864 apud
354 1783 497 1844 sanctum
520 1779 652 1844 Petrum
682 1780 785 1863 pridie
814 1801 913 1844 nonas
935 1779 1079 1844 Januarii
1102 1799 1185 1842 anno
1208 1777 1262 1842 de·

106 1883 193 1949 cimo
213 1883 233 1950 ¹.
281 1883 405 1950 Habuit
426 1883 486 1948 hec
500 1879 692 1967 supplicatio
707 1883 786 1948 alias
801 1905 909 1949 omnes
924 1884 1105 1969 signatores
1119 1882 1154 1946 in
1170 1882 1262 1947 dorso

108 1995 143 2054 et
166 1990 200 2055 in
228 1990 357 2077 angulis
381 1995 413 2056 et
436 1995 484 2054 est
506 1987 689 2072 inscripto¹
712 1989 850 2074 registro
874 1993 933 2054 etc.

199 2095 324 2161 Habita
352 2095 426 2176 illa,
449 2117 468 2159 o
491 2099 611 2180 quanta
633 2091 813 2160 iucunditas
842 2096 875 2160 in
890 2087 892 2091 ’
908 2094 1001 2161 corde
1030 2114 1109 2158 mcov
1130 2092 1262 2157 suborta

106 2204 177 2266 est!
223 2201 251 2267 Ο
286 2207 406 2287 quanta
425 2200 594 2266 'exultatio
624 2200 741 2264 mentis
771 2201 805 2266 in
835 2223 885 2266 me
907 2200 1016 2265 irruit!
1064 2196 1091 2262 Ο
1123 2201 1261 2283 quantus

111 2307 236 2372 iubilns
259 2308 292 2371 in
315 2306 422 2372 anima
444 2329 514 2371 mea
537 2327 571 2370 se
590 2307 824 2390 augmentavit!
856 2299 911 2372 'Er
933 2306 959 2370 ai
983 2308 1110 2370 centum
1133 2303 1261 2386 linguas

109 2412 275 2492 haberem,
298 2410 401 2476 adhue
417 2407 603 2495 exprimere
616 2432 680 2476 non
697 2411 854 2477 valerem·
888 2409 1065 2496 Oquantas
1088 2413 1120 2474 et
1135 2409 1260 2494 quoties

106 2519 234 2604 gratias
258 2517 315 2583 deo
331 2515 516 2582 refferebam
540 2521 572 2582 et
594 2517 670 2581 huic
691 2517 769 2597 viro,
794 2517 849 2602 qui
871 2538 931 2601 pro
954 2539 1005 2582 me
1020 2519 1146 2580 tantum
1170 2515 1259 2581 labo-

107 2623 204 2704 ravit,
236 2624 313 2688 deus
335 2621 421 2688 solua
443 2623 548 2701 novit3
582 2617 726 2688 exclusus
749 2624 833 2688 enim
856 2644 919 2688 non
937 2609 1005 2688 'erit
1027 2621 1072 2685 ab
1091 2620 1167 2701 hiis,
1198 2643 1259 2706 que

106 2729 186 2794 deus
201 2727 283 2792 mibi
299 2729 471 2794 contulerit
489 2731 579 2794 bonis
595 2727 708 2795 facere.
747 2721 869 2795 Deinde
888 2728 1012 2794 solicite
1027 2726 1168 2811 cogitavi
1183 2748 1257 2792 oon-

106 2835 209 2915 tinue,
233 2835 391 2918 quomodo
414 2839 447 2900 et
470 2825 571 2919 q'uem¹
588 2856 645 2918 per
667 2836 795 2901 modum
817 2839 899 2900 esset
914 2832 1088 2899 obtinenda
1110 2831 1258 2896 voluntas

103 2945 238 3024 patrum
262 2939 497 3024 provinciano
520 2941 701 3025 impedirer,
733 2941 882 3026 flagitans
898 2929 1017 3004 'devote
1040 2937 1257 3002 dulcissimum

65 3089 70 3098 -
102 3045 235 3109 lheeunr
259 3044 380 3110 dicens:
407 3043 453 3110 »Ο
475 3045 618 3129 piissime
632 3045 745 3110 lhesu!
772 3045 822 3110 Tu
844 3031 880 3110 es
899 3043 1038 3120 initium,
1062 3041 1201 3106 medium
1224 3047 1257 3107 et

102 3151 179 3216 finis
194 3149 336 3214 omnium
352 3153 568 3215 creaturarum
587 3157 619 3216 et
633 3151 771 3216 maxime
787 3150 986 3215 tendentium
1003 3149 1042 3212 ad
1058 3135 1256 3213 devotionem

103 3255 235 3334 mentis,
258 3255 298 3320 ad
313 3255 540 3339 perfectionem
563 3257 629 3322 vite
644 3277 767 3322 necnon
789 3256 830 3320 ad
852 3256 977 3320 laudem
1000 3257 1032 3318 et
1047 3251 1184 3337 gloriam
1207 3253 1255 3318 di-

102 3361 180 3427 vine
195 3359 371 3425 maiestatis
394 3365 457 3426 tue.
502 3359 552 3425 'Pu
576 3382 607 3426 es
630 3361 726 3426 etiem
749 3360 801 3426 via
823 3361 910 3424 certa
932 3362 965 3424 et
984 3357 1174 3438 indubitata,
1197 3381 1256 3443 per

101 3489 202 3554 quam
226 3465 331 3530 viator
352 3485 461 3530 secure
477 3465 597 3532 incedit
619 3471 651 3530 et
667 3465 846 3550 intrepidus
868 3465 902 3529 in
925 3463 985 3529 bae
1008 3462 1092 3528 valle
1106 3462 1255 3532 lacrima·

100 3595 177 3639 rum
194 3571 332 3637 chaneos
347 3571 487 3636 omnium
504 3572 704 3638 inimicorum
717 3569 901 3655 penetrabit
917 3591 953 3634 ao
966 3590 1118 3654 prospere
1134 3574 1253 3638 terram

100 3676 328 3763 promissionis
344 3675 480 3742 humane
503 3677 751 3744 conversationis
774 3676 920 3755 intrabit,
943 3679 976 3739 et
998 3679 1159 3758 postremo
1181 3677 1253 3760 glo·

99 3785 221 3850 riosam
235 3787 354 3847 terram
382 3781 506 3848 celestis
521 3782 717 3848 Iberusalem
740 3782 915 3867 gaudenter
937 3784 974 3848 et¹
996 3778 1133 3848 feliciter
1150 3785 1252 3866 possi-

99 3889 203 3968 debit,
225 3887 281 3952 ubi
303 3908 368 3952 non
389 3887 462 3953 fluit
485 3888 535 3954 lac
557 3893 589 3954 et
612 3888 675 3952 mel
698 3893 824 3953 terrene
840 3887 1041 3967 conditionis,
1064 3887 1117 3952 sed
1135 3887 1251 3952 indesi-

98 3997 217 4058 nenter
239 3992 330 4058 adest
353 3991 486 4058 dulcedo
509 3995 614 4060 divine
630 3993 865 4060 consolationis.
911 3991 1028 4058 Libera
1049 4013 1099 4056 me
1123 3992 1163 4056 ab
1178 3991 1251 4074 hiis,

100 4121 166 4186 que
198 4103 287 4164 tuum
312 4097 547 4183 beneplacitum
575 4101 729 4186 impedire
752 4105 917 4181 conantur,
952 4102 983 4162 et
1005 4096 1150 4166 concede.
1171 4095 1251 4161 mihi

177 4255 189 4308 1
208 4255 226 4309 4
243 4253 307 4310 Jan.
327 4254 404 4309 1481.
441 4254 535 4310 Sixtus
553 4255 593 4310 IV
611 4207 683 4313 me
698 4273 743 4311 am
761 4257 778 4313 6
797 4259 869 4327 Aug.
891 4255 957 4311 1471
976 4251 1100 4324 gewahlt
1124 4250 1181 4306 und
1204 4270 1251 4307 am

100 4341 295 4399 radenchen
308 4344 436 4398 monotes
448 4341 643 4401 inthronisiert
656 4344 776 4401 sordem
813 4341 1010 4414 Gregoroviua,
1023 4336 1188 4395 Gesehichte
1200 4341 1250 4396 der

101 4432 182 4488 stadt
194 4432 266 4490 Rom
279 4431 319 4488 im
332 4429 509 4488 mittelalter.
537 4431 684 4504 stuttgart
699 4431 773 4488 1870.
796 4428 1000 4498 ἿΙΙ,232,234.
1068 4427 1247 4500 2inscripta.
