3062 4938
848 319 888 387 18

291 516 400 562 servus
423 495 542 562 domini
560 494 718 562 Johannis
740 495 850 575 Yrma,
874 497 953 561 civis
970 495 1163 576 basiliensis,
1187 497 1241 582 qui
1259 497 1360 562 salros
1381 518 1433 563 nos

293 604 427 686 recepit3
460 607 528 666 erat
561 606 667 666 tamen
705 603 797 667 nobis
819 602 973 667 ieiunium
1008 607 1141 686 propter
1174 609 1295 668 sextam
1318 603 1433 668 feriam.
1521 675 1522 688 χ

292 707 385 772 Man'e
408 709 440 771 in
465 707 515 771 die
537 708 639 772 sancti
663 707 808 772 Mauritii
833 705 892 792 [22
918 706 1020 790 Sept]
1046 709 1132 772 dedit
1155 708 1247 772 nobis
1270 730 1382 790 panem
1406 713 1436 772 et

239 895 243 902 ι
291 812 419 892 vinum,
454 812 586 876 mittens
620 834 677 876 nos
699 813 781 876 viam
806 816 956 876 nostram.
980 847 1024 858 —
1046 811 1109 875 Hic
1132 811 1246 895 incipit
1267 810 1372 891 ltalia,
1407 821 1436 875 st
1521 861 1522 882 ,

291 917 442 1000 linguam
465 921 608 980 nostram
631 917 817 995 dimisimus,
841 920 873 980 et
894 916 1056 999 linguam,
1081 939 1176 1000 quam
1199 938 1262 981 non
1286 919 1435 988 norimus,

291 1021 470 1086 audirimus
492 1059 532 1068 -—
553 1021 573 1085 ¹.
620 1021 661 1085 Et
684 1021 745 1085 isto
766 1021 1005 1086 mansfecimus
1028 1021 1120 1086 valde
1137 1043 1288 1105 magnum
1313 1023 1384 1100 iter,
1406 1027 1436 1086 et
1521 1065 1522 1090 1

292 1147 416 1190 eramus
438 1127 584 1191 exhausti
609 1148 647 1191 ex
669 1127 780 1192 multis
796 1127 959 1192 laboribus
982 1129 1015 1190 et
1036 1127 1116 1190 artis
1140 1127 1275 1206 ieiuniis,
1299 1127 1438 1192 venimus

291 1231 523 1296 intermontes
546 1232 585 1296 ad
609 1233 764 1316 quendam
787 1232 897 1296 villam
915 1229 938 1312 ²,
973 1233 1094 1296 distans
1119 1232 1197 1296 bene
1230 1233 1294 1295 tria
1327 1253 1438 1314 magna

291 1335 430 1401 miliaria
463 1337 504 1401 ub
525 1334 650 1402 Orlene.
697 1337 737 1402 Et
771 1337 814 1401 ibi
849 1338 935 1402 circa
964 1337 1127 1402 meridiem
1160 1343 1294 1421 propter
1325 1337 1438 1400 festum

291 1442 393 1505 sancti
418 1439 559 1506 Mauritii
582 1441 748 1506 celebravi.
795 1441 836 1505 Et
860 1441 940 1506 heu!
975 1447 1108 1525 propter
1130 1441 1370 1506 festinationem
1394 1441 1439 1505 di-

292 1545 364 1608 misi
387 1545 556 1612 diurnals⁸
580 1555 725 1612 nostrum
750 1547 924 1630 pretiosum
960 1553 992 1610 et
1016 1548 1165 1612 dilectum
1201 1547 1233 1610 in
1265 1547 1379 1625 altari,
1411 1551 1441 1608 et

291 1650 411 1715 oblitus
436 1653 558 1730 recessi,
597 1652 761 1716 immemor
787 1673 886 1737 usque
918 1652 956 1716 ad
992 1651 1102 1716 horam
1133 1652 1355 1735 vespertinam.
1403 1650 1442 1714 llt

291 1756 418 1821 volente
442 1779 492 1822 me
515 1759 618 1822 dicere
638 1777 802 1841 vesperas,
827 1779 962 1841 querens
985 1756 1130 1821 libellum
1154 1757 1187 1820 in
1211 1757 1280 1822 loco
1303 1778 1381 1835 suo,
1412 1759 1443 1819 et

292 1862 366 1926 dum
384 1883 447 1926 uon
463 1863 580 1943 inveni,
604 1862 713 1928 dolens
729 1864 814 1926 ultra
830 1863 967 1940 modurn,
991 1868 1023 1926 ct
1039 1865 1194 1946 quantum
1212 1883 1372 1926 merorem
1394 1867 1442 1925 at·

293 1989 353 2051 que
369 1967 491 2032 luctum
508 1968 606 2032 habui
630 1968 862 2051 deperditione
879 1967 1044 2046 diurnalis,
1070 1968 1247 2050 exprimere
1263 1989 1328 2031 non
1346 1967 1443 2031 valeo.

294 2071 407 2136 Fateor
429 2077 536 2138 tamen
559 2075 685 2157 culpam
708 2095 822 2152 msam,
857 2075 940 2157 quod
965 2073 1060 2136 nimis
1084 2073 1180 2136 dilexi
1205 2072 1303 2147 illud;
1339 2073 1446 2155 sepius
1514 2050 1520 2068 ⁵

291 2178 389 2242 etiam
405 2180 607 2243 ostendebam
632 2180 744 2242 alienis
759 2180 902 2262 personis
926 2179 958 2241 in
976 2177 1107 2261 propria
1122 2178 1366 2260 complacentia,
1390 2178 1443 2240 de-

291 2283 432 2347 lectabar
455 2284 487 2346 in
511 2284 568 2347 illo
584 2283 656 2365 plus
672 2304 766 2366 quam
783 2282 944 2347 debebam.
983 2284 1188 2366 Quapropter
1203 2281 1342 2346 forsitan
1361 2283 1447 2344 iusto

292 2386 409 2451 iudicio
444 2388 494 2451 dei
514 2389 710 2450 subtractum
747 2393 795 2450 est
816 2387 905 2451 mihi.
952 2386 1035 2450 Laus
1067 2389 1110 2450 sit
1137 2387 1352 2470 omnipotenti
1378 2389 1449 2461 elec,

293 2495 348 2574 qni
372 2496 486 2555 cuncta
508 2493 650 2555 concedit
679 2497 712 2555 et
735 2492 860 2576 quando
884 2493 970 2572 vult,
993 2493 1112 2557 iterum
1135 2492 1272 2566 auliert3
1305 2501 1341 2558 et
1364 2493 1449 2557 sieut

292 2594 420 2659 domino
443 2595 574 2678 pla‘cuit,
597 2595 643 2658 ita
666 2595 786 2660 factum
809 2600 870 2660 ast:
895 2597 937 2660 sit
960 2619 1073 2662 nomen
1098 2597 1217 2662 domini
1240 2599 1447 2661 benedictum

292 2699 325 2761 in
350 2703 530 2764 aeternum!
570 2699 705 2764 Demnm
728 2723 852 2786 semper
870 2725 993 2767 eramus
1017 2705 1102 2768 inter
1117 2703 1225 2767 Italos.
1276 2702 1450 2766 Dominica

291 2805 342 2868 die
372 2805 428 2890 [23
451 2804 553 2888 Sept]
586 2827 656 2871 sero
687 2808 832 2871 venimus
860 2809 899 2872 ad
930 2809 1089 2873 civitatem
1124 2809 1317 2872 bellazolam
1334 2808 1368 2884 *ς
1404 2808 1449 2872 ibi

292 2911 464 2974 mansimus
479 2933 549 2975 cum
567 2911 649 2976 bono
661 2912 796 2995 hospite,
813 2914 868 2998 qui
882 2915 977 2978 etiam
996 2915 1086 2997 larga
1100 2935 1176 2978 cena
1192 2937 1262 2978 cum
1279 2915 1356 2977 aliis
1374 2915 1449 2978 hos·

291 3015 414 3097 pitibus
430 3035 487 3078 nos
502 3016 630 3081 cibavit.
664 3015 705 3080 llt
722 3017 820 3082 dixit:
846 3018 957 3104 »Rogo
981 3039 1044 3098 vos,
1068 3023 1105 3082 ut
1128 3019 1160 3082 iu
1178 3019 1361 3083 reversione
1387 3021 1451 3083 ite·

291 3141 362 3182 rum
378 3119 544 3184 declinetis
560 3121 598 3184 ad
616 3142 695 3185 mes
732 3121 780 3185 De
798 3145 899 3202 mane,
916 3123 997 3187 feria
1012 3125 1158 3202 secunda,
1173 3125 1217 3188 24
1233 3125 1293 3204 die,
1310 3125 1452 3189 fecimus

292 3223 421 3308 longam
445 3225 563 3290 dietam
586 3249 686 3311 usque
703 3226 880 3311 Luganum,
904 3229 1012 3312 ibique
1028 3227 1166 3293 contulit
1189 3229 1279 3294 nobis
1296 3229 1454 3294 dominus

294 3329 411 3394 bonum
434 3331 593 3414 hospitem
614 3353 672 3415 per
695 3333 851 3416 quendam
874 3335 1046 3397 secularem
1071 3334 1279 3415 Alamanum,
1304 3337 1365 3420 qni
1391 3338 1453 3400 ob·

290 3435 374 3498 viam
402 3437 491 3501 nobis
513 3437 614 3517 dedit,
643 3442 675 3501 et
697 3438 735 3500 ad
760 3439 891 3501 eundem
915 3459 971 3500 nos
994 3439 1097 3517 misit,
1122 3440 1176 3522 qni
1201 3440 1292 3503 nobis
1315 3462 1395 3506 sero
1422 3447 1456 3505 et

292 3561 383 3603 mane
397 3548 526 3624 peracta
541 3543 636 3607 missa
650 3543 845 3606 ministrarit
860 3543 1014 3606 victualia
1037 3544 1122 3608 laute
1147 3551 1180 3608 et
1196 3546 1284 3630 large
1308 3551 1344 3610 et
1371 3570 1452 3632 pro-

365 3785 375 3837 l
398 3783 448 3838 Die
466 3785 703 3854 sprachangrenae
721 3783 827 3838 bildete
853 3783 912 3838 also
937 3801 986 3840 vor
1003 3785 1056 3840 400
1070 3780 1182 3856 jahren'
1195 3786 1246 3841 wie
1265 3787 1354 3844 haute
1377 3791 1455 3846 noch

291 3870 340 3925 der
358 3871 507 3928 Gotthard.
544 3873 576 3926 lu
593 3871 715 3942 gleicher
736 3871 815 3925 weiss
833 3871 872 3924 ist
898 3870 944 3927 die
961 3873 1199 3943 sprachengrenae
1217 3874 1362 3932 awischen
1386 3881 1457 3931 Am·

291 3977 373 4029 peazo
400 3960 458 4015 und
477 3960 600 4017 Toblaeh
630 3961 683 4016 seit
710 3957 762 4014 400
789 3959 891 4027 jahren
919 3977 1013 4030 ganan
1039 3961 1169 4017 dissolbe.
1207 3961 1291 4015 dabri
1310 3963 1366 4028 lll,
1388 3967 1457 4020 449.

291 4047 308 4099 2
325 4047 481 4103 Jedenfalls
494 4047 564 4102 Irnis
579 4071 609 4098 =
624 4046 764 4110 litorales,
783 4047 899 4102 welches
918 4048 979 4104 eine
991 4049 1098 4105 station
1114 4067 1172 4104 war
1190 4049 1318 4119 (bpting.
1335 4068 1356 4105 a
1373 4070 1405 4109 a.
1419 4056 1461 4122 o.)

291 4135 349 4188 und
375 4135 406 4189 in
432 4135 482 4190 der
508 4153 561 4191 von
580 4134 709 4189 Walther
737 4135 937 4204 angegebenen
965 4137 1136 4207 entfernung
1164 4154 1217 4192 ron
1237 4137 1336 4192 Airolo
1368 4139 1460 4210 liegt.

291 4223 307 4276 3
327 4221 380 4276 ltin
393 4222 472 4289 buch,
487 4223 601 4278 welches
610 4222 676 4290 jeus
690 4223 851 4278 abschnitte
865 4225 912 4280 des
927 4223 1149 4294 breriergebetss
1162 4225 1287 4290 enthtlt,
1306 4224 1358 4280 die
1375 4229 1463 4284 wah-

290 4309 360 4362 rsnd
379 4309 427 4365 des
439 4313 520 4380 tages
532 4309 645 4379 gebstet
658 4311 768 4366 werden
790 4312 888 4378 sollen,
908 4313 959 4367 das
979 4313 1102 4368 officium
1124 4313 1256 4368 diurnum
1276 4313 1315 4366 im
1341 4331 1462 4386 gegen·

290 4398 350 4450 satu
370 4415 432 4450 zum
451 4397 574 4452 officium
593 4402 767 4454 nocturnum.
874 4403 890 4456 4
910 4400 1080 4458 Bellinaona.
