3062 4938
651 327 692 393 33

179 503 369 582 Quiesceute
401 525 452 569 me
485 504 529 568 sic
552 525 610 587 per
633 523 755 568 sacrum
781 507 906 585 tempus
931 502 1095 566 Adventus
1117 501 1246 576 domiui,

100 617 129 674 et
148 611 433 694 appropinquante
456 607 537 674 testo
562 607 752 673 Natiuitatis
775 608 895 674 domini
927 607 1027 692 aliqui
1059 603 1249 672 mercatores

99 722 289 800 rogaverunt
313 738 375 795 me,
398 720 436 780 nt
459 716 599 780 audirem
617 713 843 780 confessionem
861 735 979 778 eorum.
1027 711 1069 777 Et
1091 713 1124 776 in
1147 732 1245 796 auga·

100 821 165 886 ria¹
188 821 269 886 iecit
293 843 343 886 me
366 825 553 904 presentare
574 819 758 903 patriarche
774 820 964 884 reverendus
988 818 1134 884 domiuus
1156 821 1248 901 pater

98 928 284 1010 gardianns,
318 931 351 990 et
382 927 428 990 sic
459 925 605 1010 acquievi
637 925 767 990 audiens
800 925 1016 990 confessiones
1046 923 1247 988 secularium.

100 1031 251 1096 Nonnulli
284 1030 341 1095 alii
366 1035 559 1115 rogaverunt
582 1031 759 1110 instanter,
791 1037 828 1095 ut
857 1031 1053 1114 predicarem
1082 1027 1249 1092 Alamanis

98 1137 132 1202 ad
146 1141 297 1202 sanctum
317 1135 578 1200 Bartholomeum
594 1132 617 1214 ¹,
641 1142 673 1200 ct
696 1137 722 1199 si
740 1137 772 1199 iu
790 1136 852 1200 hiis
868 1134 1101 1200 festivitatibus
1127 1134 1173 1216 [p.
1192 1131 1246 1214 18]

98 1243 315 1320 convellam,
346 1242 459 1305 saltem
491 1242 574 1327 quod
609 1241 745 1306 facerem
778 1263 835 1326 per
866 1240 1159 1326 Quadragesimam.
1205 1237 1248 1302 Et

96 1347 167 1411 licet
190 1346 342 1412 excusavi
365 1369 416 1410 me
439 1346 554 1430 sepius,
581 1347 711 1410 tandem
734 1349 841 1410 tamen
865 1345 994 1410 exhibui
1028 1367 1078 1409 me
1101 1345 1139 1409 ad
1164 1341 1247 1418 Qua·

96 1452 305 1534 dragesimam
329 1450 434 1516 solum
456 1456 588 1535 propter
611 1451 706 1516 deum
729 1473 889 1516 assumere
912 1471 991 1534 opus
1017 1449 1246 1535 evangelicum.

98 1555 191 1622 Fama
201 1557 439 1642 divulgabatur,
455 1579 506 1622 me
520 1558 758 1640 predicaturum
774 1579 832 1641 per
844 1556 1135 1640 Quadragesimam.
1158 1552 1248 1628 Quod

96 1663 276 1746 percipiens
299 1661 429 1746 quidam
453 1662 555 1727 frater
577 1664 698 1728 ordinis
720 1663 822 1728 sancti
841 1659 1025 1727 Dominici⁸
1049 1661 1087 1725 de
1109 1681 1171 1724 non
1196 1679 1245 1720 re·

96 1766 253 1846 formatis,
277 1768 406 1832 nomine
429 1766 652 1852 Sigismundus
675 1769 713 1834 de
737 1768 888 1842 Austris,
913 1768 968 1851 qui
992 1766 1081 1850 prius
1104 1764 1149 1828 ibi
1174 1783 1246 1846 pre·

96 1873 222 1952 dicavit,
245 1878 278 1936 et
294 1872 444 1936 ardenter
466 1895 498 1936 se
517 1874 668 1958 opposuit
684 1873 813 1956 negotio
829 1872 959 1952 domini,
980 1871 1055 1936 licet
1077 1870 1145 1952 ipse
1167 1889 1246 1951 pau·

96 1977 237 2042 cissimoa
254 1977 422 2041 audientes
443 1977 567 2044 habuit.
614 1979 656 2043 Et
678 1985 752 2064 post
773 1979 893 2044 multas
909 1975 1052 2062 querelas
1068 1974 1169 2037 factas
1192 1995 1249 2055 per

96 2083 229 2146 eundem
258 2083 297 2146 ad
320 2083 461 2148 diversas
494 2105 645 2167 personas
669 2085 827 2164 civitatis,
860 2084 947 2148 venit
979 2081 1108 2146 tandem
1137 2079 1248 2142 adme

97 2187 308 2266 personaliter
330 2192 366 2252 et
388 2187 581 2272 loquebatur
602 2189 684 2254 mihi
708 2191 800 2256 valde
821 2189 950 2273 pacifice
973 2191 1006 2252 et
1022 2185 1135 2250 blande
1159 2188 1193 2247 et
1215 2183 1247 2246 in

95 2289 156 2355 line
180 2291 336 2356 sermonis
360 2291 462 2357 dixit:
488 2292 665 2378 »Percipiq
689 2295 773 2380 qnod
789 2295 886 2360 vultis
902 2293 1067 2378 predicare
1091 2312 1148 2374 per
1164 2288 1247 2365 Qua-

97 2397 337 2482 drageaimam.‹
386 2397 455 2482 Ego
478 2401 615 2466 rotundo
637 2421 701 2482 ore,
726 2403 794 2466 sine
809 2400 928 2478 frande,
952 2398 1105 2482 putabam
1121 2395 1247 2479 placere

94 2502 166 2582 sibi,
189 2502 271 2568 dixi:
297 2502 384 2568 »Vos
408 2505 612 2588 predicabilis
628 2527 728 2591 usque
751 2508 789 2571 ad
813 2512 937 2588 tempus
961 2501 1247 2589 quadragesimale:

96 2607 230 2688 Pffllefl‘
253 2630 324 2674 sum
340 2615 474 2693 rogatus
490 2611 681 2694 predicare«
731 2611 779 2676 Ad
795 2611 854 2675 hec
869 2610 966 2675 verba
990 2629 1048 2672 nec
1064 2607 1247 2690 negativum

97 2733 153 2778 nec
182 2713 414 2779 affirmativum
443 2717 617 2800 respondit.
667 2716 707 2780 Et
735 2717 780 2781 sic
810 2717 844 2780 in
874 2737 952 2800 pace
980 2737 998 2778 a
1027 2735 1076 2778 me
1108 2711 1247 2776 recessit.

96 2815 155 2882 Sed
179 2819 306 2884 demum
328 2841 391 2884 uon
416 2821 550 2904 quievit,
575 2823 628 2886 sed
652 2825 744 2886 tanta
778 2828 810 2886 et
832 2825 882 2886 tot
905 2820 1001 2884 verba
1024 2817 1192 2882 seminavit
1216 2815 1247 2878 iu

97 2925 286 3007 popularet
310 2927 467 3012 quomodo
492 2947 550 3011 ego
573 2925 688 2991 vellem
713 2927 773 2991 sibi
796 2926 900 2992 facere
922 2945 1072 3010 maguam
1088 2921 1249 2998 iniuriam,

667 3049 682 3079 0

167 3099 180 3152 l
203 3097 474 3167 Quatemberiasteu‚
494 3100 566 3154 auch
585 3099 763 3156 frohnsaacen
785 3101 926 3170 genennt,
954 3115 1001 3154 am
1022 3099 1062 3164 19,
1084 3097 1116 3150 21
1138 3093 1195 3148 und
1214 3093 1249 3148 22

96 3181 255 3240 December.
290 3185 320 3238 P.
342 3183 443 3240 Paulus
461 3186 595 3242 bedurlte
615 3205 678 3242 aum
697 3188 877 3243 beichthdren
897 3187 947 3242 der
966 3182 1248 3252 bavollmachtigung

97 3289 153 3328 ron
169 3273 239 3329 scite
257 3273 305 3327 des
318 3273 498 3343 patriarchen
516 3274 574 3328 und
596 3275 691 3330 warde
709 3275 768 3330 ihm
782 3275 900 3330 deshalb
914 3271 1091 3344 rorgeatellt.
1162 3273 1178 3324 2
1200 3269 1249 3324 Die

97 3359 191 3414 kircha
209 3359 259 3415 dea
277 3360 316 3414 hl.
330 3359 563 3418 Bartholomaeus
585 3363 634 3432 lag
652 3362 683 3417 in
702 3357 837 3418 der'nahe
859 3361 907 3416 des
919 3360 1039 3416 londacc
1058 3359 1103 3414 dei
1117 3357 1247 3414 Tedeschi

98 3447 155 3502 und
173 3448 223 3504 des
239 3447 392 3505 deutschen
410 3449 524 3514 hausea.
552 3449 599 3506 itlr
617 3451 725 3507 welche
742 3451 782 3506 aie
801 3451 847 3506 die
865 3449 1042 3520 pl'arrhirche
1061 3465 1127 3502 war.
1165 3445 1249 3500 Fabri

98 3535 118 3600 1,
139 3537 195 3592 101.
234 3537 301 3592 Hier
319 3537 420 3598 words.
439 3537 491 3594 wia
510 3555 560 3592 aus
579 3539 633 3594 deu
652 3539 807 3610 folgenden
822 3537 1055 3606 verbandlungsn
1068 3535 1247 3605 hervorgeht,

98 3623 275 3693 regelmdltig
303 3641 340 3679 an
366 3635 445 3680 sonu·
465 3625 523 3680 und
551 3626 694 3696 feattagen
722 3627 778 3680 und
808 3624 942 3682 wthreud
971 3623 1020 3678 der
1039 3623 1163 3678 Adveut·
1192 3622 1250 3677 und

100 3711 257 3766 Fastecaeit
276 3711 349 3766 auch
367 3715 449 3766 uuter
473 3713 523 3768 der
541 3713 635 3768 woche
659 3713 689 3767 in
709 3713 858 3768 deutschen
877 3711 994 3782 aprache
1012 3711 1169 3782 gepredigt.
1206 3709 1250 3764 Da

98 3795 156 3851 sich
172 3799 303 3855 hierdber
321 3799 365 3854 bei
382 3799 492 3854 heiuem
512 3799 619 3854 anderu
638 3799 732 3870 pilger
751 3801 813 3855 eine
832 3799 908 3856 notia
927 3798 1027 3863 findet,
1047 3800 1086 3854 ist
1105 3797 1250 3854 Walthars

100 3887 209 3956 mgaba
228 3905 283 3944 rou
301 3889 379 3944 wart.
416 3887 486 3942 Desa
500 3887 575 3942 disse
588 3887 656 3943 aitte
676 3887 746 3944 noch
756 3886 964 3959 jahrhunderte
981 3889 1051 3956 lang
1063 3885 1249 3948 fcrtbestand,

100 3974 167 4042 geht
184 3992 236 4032 aua
262 3975 339 4030 aiuer
358 3973 559 4044 bsschrsibung
585 3973 635 4029 der
665 3974 743 4028 stadt
765 3974 894 4045 Venedig
921 3993 971 4030 aus
999 3974 1063 4030 dem
1078 3975 1162 4044 jahre
1182 3975 1249 4028 1687

101 4061 205 4126 herrm,
224 4063 327 4118 welche
345 4062 376 4116 in
394 4061 442 4116 der
460 4061 546 4117 Allan
564 4061 621 4115 und
636 4078 726 4116 neuen
746 4063 812 4116 welt
834 4061 1013 4134 (Eiuaiedelu.
1032 4062 1167 4130 Beuaiger
1182 4061 1249 4114 1887

101 4163 122 4200 ι.
141 4150 186 4204 231
208 4149 247 4217 ff.)
264 4151 304 4204 im
322 4165 443 4218 ausauge
461 4148 615 4218 mitgeteilt
646 4149 691 4204 ist.
729 4147 800 4204 Dort
825 4149 864 4203 ist
889 4151 959 4206 auch
978 4149 1024 4203 die
1043 4149 1108 4202 rede
1129 4165 1181 4202 von
1200 4145 1250 4200 der

102 4233 195 4290 kircha
220 4253 241 4292 a.
268 4237 463 4300 Bartholomt,
493 4235 649 4291 »darinnen
677 4255 744 4292 man
773 4237 881 4292 teutach
910 4256 943 4291 au
971 4237 1106 4307 predigeu
1136 4233 1248 4304 pdegt.‹

103 4321 120 4375 3
140 4310 210 4378 Uber
227 4324 273 4380 die
285 4324 391 4380 kloster
410 4323 554 4394 Venedigs
575 4323 724 4380 beaonders
733 4325 800 4394 jeue
813 4324 863 4380 der
877 4323 1072 4380 Dominicaner
1094 4322 1152 4392 wgl.
1166 4321 1250 4376 Fabri

105 4407 154 4475 ill,
171 4413 219 4466 424
237 4411 264 4468 ff.
371 4413 489 4469 lIlehlt
506 4429 566 4482 ego.

174 4515 330 4560 larundam.
1074 4501 1093 4564 3
