3054 4942
644 347 706 416 251

102 523 133 589 in
156 526 300 590 navibus.
349 525 390 590 Et
412 525 473 590 hoc
487 525 620 590 verbum
640 547 749 590 verum
774 529 822 588 est
845 528 999 609 quantum
1023 525 1061 588 ad
1085 546 1250 608 pauperes,

102 631 154 715 qui
178 653 242 696 nou
268 631 388 696 habent
411 631 532 695 solvere
547 653 698 713 magnum
721 631 872 714 pretium,
896 633 929 694 et
952 629 1021 694 ideo
1046 651 1180 713 corpora
1203 652 1254 694 eo·

102 757 171 801 rum
195 737 410 821 proliciuntur
433 737 472 801 ad
495 759 591 814 mare,
616 736 671 800 ubi
694 735 773 799 litus
795 735 828 798 iu
850 735 1031 818 propinquo
1055 734 1165 798 haberi
1189 755 1253 799 non

102 844 213 924 potest
260 839 344 905 Nam
376 841 409 906 in
439 841 517 924 ipsis
541 841 650 905 diebus
674 839 780 924 plures
804 860 957 922 pauperes
981 839 1073 903 eiecti
1097 842 1189 918 sunt,
1224 843 1256 902 et

102 944 234 1010 interfui
250 945 415 1029 sepulture
439 946 598 1011 cuiusdam
620 945 778 1029 pauperis,
803 944 857 1029 qui
885 945 999 1027 pannis
1021 943 1183 1008 involutus
1206 943 1252 1008 la·

86 1051 232 1134 'pidibus
255 1049 404 1133 appensis
426 1051 586 1133 proiectus
621 1051 723 1114 estin
750 1071 853 1128 mare,
885 1053 918 1112 et
941 1047 1087 1114 nonnulli
1111 1048 1177 1127 alii,
1201 1049 1256 1132 qui

102 1155 179 1239 ipsis
196 1155 308 1220 diebus
324 1155 441 1219 mortui
463 1159 539 1218 sunt
556 1155 575 1220 ¹.
622 1153 752 1238 Nygum
770 1153 936 1219 castellum
952 1153 985 1217 in
1003 1153 1121 1218 vertice
1137 1154 1256 1218 montis

105 1260 252 1324 altissimi
285 1260 465 1324 edificatum
498 1264 546 1323 est
581 1259 693 1323 similis
716 1259 784 1322 visu
808 1263 929 1336 castro,
952 1258 1101 1322 strictum
1123 1257 1202 1321 satis
1224 1261 1257 1321 et

105 1365 262 1448 repletum
279 1365 386 1447 parvis
401 1364 610 1442 domunculis,
630 1364 665 1428 in
683 1364 798 1448 quibus
814 1363 956 1427 homines
973 1362 1131 1440 habitant,
1148 1362 1257 1426 divisis

103 1470 204 1534 solum
228 1469 406 1553 perietibus
440 1470 530 1552 quasi
564 1491 639 1552 apes
662 1469 694 1532 in
718 1467 849 1534 alveolo.
897 1466 970 1532 Viri
992 1467 1070 1531 satis
1093 1467 1254 1552 elegantes

106 1575 245 1650 fuerunt,
263 1573 410 1638 mulieres
418 1573 557 1657 speciose
567 1573 667 1650 valde,
683 1574 774 1657 pueri
784 1572 1002 1656 pulcherrimi,
1019 1573 1102 1656 quod
1118 1572 1256 1636 multum

104 1680 259 1756 mirabar,
291 1678 324 1742 in
355 1683 423 1742 tam
451 1681 591 1743 extrema
620 1679 725 1760 insula
747 1678 827 1744 tales
850 1678 1002 1756 inveniri,
1038 1677 1113 1741 dum
1137 1677 1202 1740 vidi
1225 1682 1256 1739 et

105 1783 232 1848 visitavi
249 1782 413 1848 castellum
430 1804 501 1847 cum
516 1783 650 1858 ceteris3
666 1785 760 1846 otest
776 1783 834 1846 sub
851 1785 1010 1866 potestate
1024 1779 1218 1845 Venetorum
1234 1779 1257 1845 ².

106 1887 154 1953 lbi
177 1891 327 1953 emerunt
349 1893 456 1967 naute,
479 1887 642 1972 peregrini
666 1892 698 1950 et
720 1887 845 1970 galeote
861 1886 1014 1950 victualia
1036 1891 1069 1949 et
1092 1907 1256 1969 compara·

106 1999 222 2058 verunt
245 1993 345 2076 ligna.
392 1992 433 2056 Et
456 1993 525 2075 ipsa
547 1991 627 2056 feria
649 1995 737 2056 sexta
760 1997 834 2056 ante
856 1991 971 2056 Oecilie
995 1991 1049 2074 [21
1075 1989 1170 2073 Νοι.]
1194 1990 1257 2053 ibi·

106 2100 176 2164 dem
199 2097 388 2162 interfectus
407 2105 454 2162 est
478 2119 560 2162 uuus
582 2097 710 2182 galeota
739 2098 779 2161 ab
801 2096 882 2174 alio,
917 2117 980 2180 qua
1002 2098 1110 2159 autem
1132 2093 1257 2158 ratione

106 2203 212 2268 neseio
226 2201 250 2268 ⁸.
298 2202 379 2268 Item
412 2203 444 2266 iu
476 2205 569 2266 nocte
591 2207 698 2266 sancte
723 2199 838 2266 Ceeilie
871 2200 955 2265 cirea
979 2198 1091 2263 horam
1113 2203 1255 2262 octavam

108 2307 248 2372 surrexit
270 2311 384 2372 ventus
408 2329 466 2390 pro
490 2306 598 2385 nobis;
634 2328 742 2371 omnes
774 2306 881 2371 subito
912 2308 1120 2376 surrexerunt
1152 2307 1258 2368 extra·

108 2414 221 2478 luentes
243 2411 415 2492 anchoras,
440 2417 472 2476 et
494 2413 673 2496 preparatis
695 2411 831 2495 singulis
856 2410 1075 2493 navigavimus
1097 2429 1197 2494 usque
1221 2409 1259 2474 ad

104 2541 196 2584 mone
221 2519 277 2600 [22
295 2516 402 2601 Nov.],
425 2523 457 2582 et
480 2517 563 2581 circa
586 2517 738 2581 decimam
762 2517 873 2580 horam
895 2515 985 2581 venit
1007 2515 1124 2580 iterum
1143 2517 1258 2578 ventus

110 2623 299 2702 contrarius,
322 2629 354 2686 et
370 2621 492 2705 expulit
515 2643 572 2685 nos
589 2620 808 2704 potentialiter
823 2623 912 2684 extra
927 2620 1013 2684 viam
1028 2641 1144 2684 veram.
1189 2618 1256 2683 lta·

108 2750 169 2812 que
193 2751 253 2810 per
275 2731 377 2792 totam
401 2727 484 2790 diem
508 2731 539 2790 et
555 2731 680 2791 noctem
695 2725 876 2790 laborantes
900 2725 938 2788 de
960 2745 1031 2788 sero
1053 2724 1126 2788 festi
1150 2729 1258 2788 sancto

108 2831 224 2898 Ceoilie
248 2854 373 2898 eramus
396 2834 512 2897 iterum
536 2837 625 2896 extra
640 2833 725 2896 viam
748 2837 866 2896 rectam
892 2829 964 2915 plus
988 2851 1084 2914 quam
1100 2829 1258 2913 quinqua·

108 2939 199 3021 ginta
220 2937 370 3002 miliaria.
418 2937 459 3002 Et
482 2939 598 3002 iterum
622 2938 723 3002 coacti
739 2936 929 3000 intravimus
945 2938 1075 3018 portum
1098 2935 1188 3000 iuxta
1210 2934 1259 2997 in-

108 3043 210 3108 sulam
230 3041 354 3128 Paryt,
386 3043 420 3106 in
444 3065 508 3126 qua
530 3043 671 3125 speciosa
697 3042 793 3106 lllena
816 3045 862 3106 est
885 3045 977 3120 nata,
1008 3050 1262 3124 propterquam

109 3147 215 3233 Troya
238 3148 350 3212 civitas
382 3153 429 3211 est
453 3147 613 3212 destructa
629 3147 650 3213 ⁴.
698 3146 739 3210 Et
773 3147 806 3210 in
837 3146 907 3229 ipsa
936 3146 987 3210 die
1016 3149 1124 3210 sancte
1147 3143 1262 3208 Ceeilie

109 3253 262 3318 exivimus
285 3255 323 3316 dc
346 3252 438 3334 galea
460 3253 498 3315 ad
522 3257 658 3331 terram,
694 3257 725 3314 et
753 3250 798 3315 ibi
822 3251 886 3314 dixi
912 3250 1038 3314 missam
1062 3250 1094 3312 in
1118 3271 1182 3314 una
1204 3269 1256 3313 ca-

109 3358 203 3443 pello,
227 3359 318 3421 iuxta
334 3380 429 3442 quam
445 3358 562 3441 sepulti
577 3363 654 3423 suut
676 3358 738 3442 ipsi
763 3359 824 3422 duo
839 3357 959 3421 mortui
984 3357 1022 3422 de
1037 3357 1146 3440 galeis.
1195 3355 1262 3420 Ibi·

110 3487 170 3550 que
194 3461 341 3526 stetimus
370 3485 429 3546 per
451 3464 576 3547 aliquos
599 3464 673 3526 dies.
721 3461 761 3526 Et
792 3463 826 3525 in
850 3461 1009 3526 dominica
1040 3462 1091 3526 die
1121 3463 1154 3525 in
1177 3461 1262 3526 festo

107 3569 210 3634 macti
228 3567 399 3631 Clementis
425 3565 482 3654 [23
499 3566 595 3651 Νοι.]
620 3567 736 3630 iterum
759 3567 896 3631 diximus
917 3567 1047 3630 missam
1070 3571 1179 3631 nostro
1203 3589 1261 3650 pa·

180 3814 192 3866 l
212 3808 296 3864 Fabri
310 3807 359 3872 ΙΙΙ,
378 3808 427 3863 291
444 3825 471 3862 u.
484 3809 535 3862 297
550 3808 606 3862 und
620 3807 765 3865 Breidenb.
781 3808 829 3863 lll
843 3809 960 3862 machon
973 3807 1019 3863 die
1032 3808 1138 3878 gleichc
1157 3808 1264 3863 bomer-

107 3901 194 3968 uung.
303 3883 460 3951 anunm
478 3896 585 3967 aprum
603 3895 661 3950 stou
683 3896 764 3951 rann
784 3896 830 3960 ιιι,
850 3897 902 3950 aaa
921 3911 984 3958 aa.
1011 3913 1064 3950 nur
1083 3895 1210 3951 emaus
1235 3912 1265 3948 er

110 4007 161 4046 rou
181 3988 233 4043 der
251 3984 441 4040 auffallenden
461 3985 606 4040 schdnheit
624 3984 673 4039 der
692 3984 840 4040 bewohner
858 3983 957 4038 niehts.
1048 3985 1065 4037 3
1085 3981 1161 4036 auch
1181 3981 1264 4035 Fabri

111 4075 157 4136 ΙΙΙ,
176 4076 230 4130 292
250 4071 390 4127 berichtet
409 4072 502 4127 diesen
520 4071 608 4127 mord.
681 4072 697 4126 4
721 4070 855 4126 Offenbar
873 4071 967 4126 Paros.
1006 4069 1088 4124 Fabri
1107 4069 1155 4132 ΙΙΙ,
1174 4069 1226 4122 298
1245 4069 1264 4122 t.

111 4164 165 4218 uud
185 4159 333 4216 Breidenb.
355 4161 405 4212 112
432 4161 532 4214 hatten
560 4159 630 4214 auch
660 4158 850 4228 ungtinstigeu
874 4158 950 4213 wind
978 4157 1036 4211 und
1064 4155 1197 4210 landeten
1225 4155 1264 4208 im

108 4251 194 4306 hasen
208 4247 363 4302 Schelanus
381 4247 464 4316 (resp,
477 4246 641 4316 Stephano).
677 4244 874 4301 Ott·Heinrich
888 4244 986 4312 briugt
1005 4242 1051 4297 die
1070 4241 1139 4295 insol
1161 4240 1266 4310 gleich-

106 4339 174 4394 falls
193 4335 249 4390 mit
268 4333 317 4388 der
336 4337 500 4402 zerstorung
517 4333 615 4404 Trojas
633 4334 662 4388 in
686 4332 870 4401 vorbindung.
909 4330 993 4386 Rohr.
1013 4328 1124 4384 Maisan.
1144 4327 1175 4382 D.
1195 4327 1265 4398 pilg.

107 4427 166 4483 396.
205 4420 275 4492 vgr.
293 4419 364 4476 oben
383 4437 404 4476 s.
423 4421 457 4474 83
475 4438 549 4476 anm.
569 4423 594 4476 2.
