3056 4944
671 338 733 404 141

122 512 184 576 nisi
208 513 298 597 prius
321 513 427 578 solvat
448 512 607 578 tributum
629 533 688 597 pro
708 512 862 590 introitu3
887 518 921 578 et
944 517 1065 598 quanto
1088 513 1276 597 peregrinus

119 636 138 682 a
162 618 297 682 remotis
313 618 410 682 terris
424 620 523 697 venit,
544 622 637 684 tanto
656 619 759 682 maius
774 619 935 684 tributum
958 618 998 682 ab
1021 639 1058 682 eo
1075 619 1274 702 extorquent.

119 719 189 788 Nos
205 724 324 788 fratres
348 724 406 788 illo
423 729 565 806 tempore
588 722 671 787 nihil
694 723 815 803 damus,
837 723 891 788 sed
906 727 1139 790 consueverunt
1154 723 1275 788 intrare

118 832 313 894 conventum
338 829 676 894 nostrum-annuatim
701 833 773 910 post
796 829 984 894 dominicam
1010 829 1048 892 de
1071 826 1221 892 Passione
1243 835 1275 892 et

119 933 293 999 includunt
314 955 373 1017 per
396 936 520 999 noctem
545 939 578 998 et
592 955 685 998 mane
700 933 833 998 veniunt
856 933 929 1016 plus
951 955 1045 1019 quam
1068 933 1186 1017 viginti
1203 954 1275 998 cum

117 1039 280 1104 ministris
303 1044 336 1103 et
358 1039 531 1122 apperinnt
554 1039 590 1102 de
613 1037 693 1104 foris
715 1038 853 1118 ianuam,
878 1061 973 1123 quam
996 1039 1035 1102 de
1056 1059 1126 1102 sero
1149 1038 1273 1122 sigilla·

118 1148 250 1224 rerunt,
276 1149 309 1208 et
331 1145 377 1208 ibi
402 1147 619 1228 presentamus
651 1165 708 1209 nos
730 1165 857 1222 omnes,
890 1146 922 1208 et
944 1142 1123 1209 inscribunt
1145 1143 1275 1228 singula

118 1251 253 1314 nomina
269 1249 407 1314 fratrum
421 1251 595 1314 secundum
610 1249 755 1314 ordinem
780 1254 812 1312 et
827 1249 1037 1333 inscriptione
1061 1250 1146 1313 facta
1161 1248 1274 1313 volunt

119 1355 242 1419 habere
265 1355 428 1419 comedere
451 1360 483 1418 et
507 1355 613 1419 bibere
636 1354 850 1418 attributum
883 1354 914 1418 in
939 1355 1002 1418 fine
1037 1356 1069 1418 et
1101 1353 1147 1418 sic
1169 1352 1273 1416 soluto

118 1460 285 1526 recedunt.
332 1457 374 1522 Et
396 1462 478 1542 post,
501 1480 559 1542 per
574 1480 703 1534 annum,
726 1479 892 1542 possumus
914 1458 1015 1523 libere
1038 1459 1159 1522 intrare
1182 1478 1272 1521 sanc-

118 1570 190 1629 tum
213 1563 432 1648 sepulchrum,
456 1565 583 1648 quando
606 1563 686 1628 alias
702 1563 864 1647 aperitur3
888 1565 921 1628 et
943 1564 1013 1628 ideo
1037 1562 1118 1626 nihil
1141 1584 1159 1626 a
1181 1563 1273 1628 nobis

117 1669 150 1734 in
175 1670 230 1734 die
247 1668 419 1734 Parasceve
435 1673 551 1752 petunt
567 1668 588 1732 ¹.
634 1667 737 1732 Erant
752 1668 809 1732 illo
826 1689 910 1733 anno
924 1669 1088 1734 nobiscum
1110 1689 1165 1732 sex
1181 1688 1271 1751 pere·

117 1775 206 1860 grini
240 1775 279 1838 de
302 1771 453 1839 Flendria
469 1772 492 1854 ²,
525 1794 661 1858 quorum
694 1774 831 1857 quilibet
862 1773 958 1838 solvit
989 1778 1112 1856 septem
1144 1773 1273 1837 ducatos

120 1901 193 1946 cum
218 1883 341 1962 septem
364 1878 519 1964 meydinis
546 1899 605 1962 pro
628 1879 767 1943 introitu
798 1884 830 1942 et
853 1879 940 1944 salvo
963 1879 1120 1944 conductu
1142 1899 1200 1961 per
1221 1882 1272 1942 to-

118 1991 188 2050 tum
215 1991 353 2068 tempus,
377 1985 460 2068 quod
484 1987 607 2048 starent
630 1983 663 2046 in
687 1987 774 2048 terre
795 1981 940 2048 sancta³.

211 2089 253 2154 nt
283 2089 484 2154 adominica
517 2089 550 2152 iu
574 2086 693 2152 Palmis
728 2109 827 2173 usque
860 2089 898 2154 ad
922 2088 1097 2154 Sabbatum
1128 2092 1271 2154 sanctum

118 2193 274 2260 claudunt
291 2194 486 2259 dominicum
501 2193 706 2276 sepulchrum
719 2192 742 2256 ⁴.
790 2193 830 2257 Et
845 2195 935 2278 quasi
958 2194 1038 2258 bora
1053 2215 1136 2259 nona
1161 2195 1193 2258 iu
1210 2193 1271 2258 Pa·

120 2321 249 2370 rasceve
262 2299 440 2384 incepimus
458 2298 599 2365 officium
614 2299 709 2362 misse
731 2299 765 2362 in
789 2299 859 2364 loco
875 2297 1029 2380 calvarie,
1053 2300 1107 2364 ubi
1124 2299 1270 2366 dominus

682 2423 702 2457 e

122 2508 188 2546 num
208 2489 391 2561 gesehrieben
409 2489 516 2554 haben,
544 2491 611 2544 aber
639 2491 678 2544 da
704 2507 734 2545 er
758 2491 791 2561 ja
808 2508 862 2544 nur
889 2489 935 2544 dic
952 2489 1044 2568 pilger
1062 2491 1101 2546 inn
1120 2508 1192 2562 erige
1210 2491 1270 2556 hat,

122 2577 159 2633 ist
177 2579 270 2633 dieser
282 2576 423 2632 ausdruck
442 2577 507 2632 sehr
517 2577 676 2632 erkltrlich.
713 2575 839 2633 Ghistele
851 2579 885 2632 78
904 2582 969 2648 sagt
982 2579 1053 2632 auch
1066 2579 1271 2645 ausdrucklich,

121 2683 150 2722 er
166 2666 243 2722 habe
271 2665 366 2721 siebcn
386 2665 507 2720 ducaten
535 2665 633 2720 zahten
653 2670 772 2721 musaeu.
809 2666 909 2736 Spater
927 2664 1058 2720 scheinen
1077 2667 1149 2722 nach
1168 2667 1270 2722 Tobler

119 2753 248 2808 wirklieh
269 2753 340 2807 auch
360 2752 494 2822 pilgrimo
506 2752 713 2823 unentgeltlich
732 2753 907 2822 singalassen
920 2748 1032 2808 worden
1051 2753 1165 2818 nasein,
1187 2771 1270 2809 wenn

119 2841 197 2896 nicht
216 2845 292 2896 etwa
311 2841 384 2896 auch
402 2841 462 2894 hier
480 2839 542 2894 eine
553 2839 764 2910 verwechslnng
785 2857 837 2896 ron
850 2839 961 2910 pilgern
982 2839 1039 2894 und
1052 2839 1269 2896 einheimischcn

118 2927 249 2982 Christen
267 2927 398 2997 vorliegt.
434 2926 513 2982 Tobl.
532 2926 613 2997 Golg.
633 2929 693 2983 407.

189 3019 201 3071 l
225 3015 280 3070 nit
297 3015 387 3072 dieser
399 3019 477 3072 sonet
489 3015 623 3084 nitgends
641 3015 699 3070 sich
712 3015 860 3070 findenden
873 3015 1052 3087 dursteltung
1069 3017 1108 3072 ist
1128 3017 1173 3073 die
1187 3018 1270 3074 stelle

121 3103 164 3158 bei
183 3103 270 3159 Fabri
291 3101 311 3168 1,
330 3103 381 3158 345
400 3120 433 3157 au
446 3103 624 3173 vergleichen
642 3102 699 3157 und
718 3102 791 3158 nach
809 3103 855 3156 ihr
874 3103 945 3157 anch
958 3104 1092 3160 teilweise
1110 3123 1144 3160 zu
1162 3105 1269 3160 berich·

120 3191 212 3262 tigen:
235 3191 289 3244 »nt
306 3191 336 3245 in
357 3191 409 3247 hoc
426 3209 482 3247 non
502 3195 623 3261 parcunt
640 3191 777 3246 fratribus
795 3191 898 3247 montis
917 3191 1001 3259 Syon,
1020 3209 1087 3261 quos
1106 3210 1162 3248 non
1180 3193 1269 3250 intro·

119 3279 239 3334 mittunt
255 3279 309 3334 nisi
328 3279 420 3334 soluto
441 3279 557 3344 tributo,
576 3280 690 3350 dempto
708 3281 841 3350 tempore,
859 3297 915 3350 quo
931 3279 1072 3349 peregrini
1090 3283 1157 3336 sunt
1175 3281 1205 3336 in
1223 3283 1268 3339 Je-

118 3369 255 3432 rusalem,
283 3383 346 3421 cnm
373 3365 474 3436 quibus
492 3367 582 3437 gratis
600 3367 858 3424 intromittuntur«.
900 3366 980 3422 Nach
1008 3367 1087 3424 Tobl.
1111 3369 1192 3439 Goig.
1216 3371 1268 3425 412

118 3453 255 3510 brechten
275 3471 304 3510 es
321 3453 366 3508 die
385 3454 501 3510 mosche
518 3453 656 3510 aeitweise
674 3455 770 3519 dahin,
790 3455 856 3510 dass
874 3456 913 3512 sie
931 3455 983 3512 frei
1002 3456 1125 3514 werden.
1195 3459 1212 3510 2
1232 3457 1268 3512 Es

120 3557 176 3596 war
194 3541 257 3596 dies
276 3539 341 3596 Jocs
360 3557 416 3594 ran
429 3539 556 3596 Ghistele
574 3541 627 3596 mit
645 3541 740 3596 seinen
753 3558 896 3611 gencssen,
916 3543 1001 3598 deren
1020 3561 1121 3598 namen
1142 3545 1210 3600 aber
1228 3546 1266 3600 im

119 3632 194 3684 texte
212 3629 305 3684 seiner
323 3628 598 3699 reisebeechrsibung
616 3628 750 3699 nirgcnds
768 3633 896 3700 genennt
913 3629 990 3696 sind,
1009 3633 1127 3687 sondern
1149 3649 1198 3687 aus
1217 3633 1266 3689 der

120 3717 287 3772 uberschriit
315 3735 378 3770 zum
397 3717 410 3771 1
428 3717 534 3787 kapite!
563 3717 612 3773 des
631 3717 778 3772 nauehu
807 3719 987 3772 entnornmen
1007 3719 1118 3774 werden
1146 3725 1265 3786 musaeu,

121 3805 241 3860 ntmlich
263 3807 275 3858 l
296 3803 347 3859 der
366 3803 473 3874 lraplan
492 3805 638 3870 Ghirtelee,
658 3805 713 3860 Jan
728 3823 783 3859 van
796 3805 988 3870 Conincstant,
1008 3807 1024 3860 2
1041 3805 1116 3862 Joris
1131 3823 1186 3861 van
1200 3805 1266 3860 Ghi·

119 3893 199 3960 stole,
225 3896 243 3950 3
264 3893 320 3948 Jan
339 3909 395 3948 van
413 3892 610 3964 Kaernevvijc‚
635 3893 742 3950 4Joris
762 3893 874 3957 Paline,
900 3893 1108 3959 cotidiene,
1134 3893 1194 3948 also
1214 3895 1267 3948 mit

119 3979 207 4040 enisa
226 3981 306 4037 soche
326 3997 470 4050 personen.
562 3983 580 4037 3
598 3979 708 4038 Ebenso
726 3981 825 4044 (thiat,
844 3999 897 4035 nnr
914 3983 1041 4038 erwthnt
1059 3999 1088 4036 er
1107 3981 1153 4036 die
1170 3980 1264 4034 sieten

120 4069 239 4126 meidine
257 4069 346 4124 nicht
384 4067 452 4125 Eine
469 4070 660 4124 sussdhrliche
678 4070 965 4139 zusammenstellung
984 4069 1034 4124 der
1053 4067 1263 4123 verschiedenen

118 4171 251 4222 snmmen,
270 4157 376 4212 welche
393 4157 439 4211 fnr
457 4157 512 4213 den
524 4156 640 4213 cintritt
659 4158 688 4212 in
708 4157 754 4212 die
771 4155 969 4227 grabeslrirche
987 4154 1130 4225 gesordert
1142 4153 1264 4219 worden,

118 4245 195 4314 giebt
212 4245 295 4303 Tobl.
315 4245 395 4316 Gotg.
413 4247 465 4302 409
483 4247 512 4301 ff.
620 4249 636 4299 4
661 4246 718 4300 Des
736 4245 775 4299 ist
792 4245 838 4300 die
856 4241 1070 4314 grabestrapellc
1087 4258 1150 4296 sum
1168 4243 1264 4294 unter-

119 4332 210 4390 uniet
230 4351 286 4392 ron
310 4333 361 4388 der
387 4333 592 4404 grabeskirche.
628 4333 708 4390 Diese
732 4334 862 4404 wichtiga
887 4331 999 4401 angebo
1022 4327 1096 4384 finde
1116 4328 1162 4383 ich
1186 4331 1264 4386 sonet

118 4419 259 4492 nirgende.
