3054 4942
116 542 232 604 aquam
257 519 377 586 habere
392 525 575 605 poteramus
593 519 613 585 ¹.
659 521 697 586 In
721 521 771 586 die
793 520 919 586 sabbati
942 522 1000 604 [20
1015 520 1125 607 Sept.],
1149 523 1182 588 in
1205 546 1269 609 qua

118 629 187 688 erat
209 625 325 708 vigilia
348 625 470 690 Mathei
495 625 642 709 apostoli,
665 625 858 690 surreximus
882 625 965 692 circa
994 627 1132 692 medinm
1155 630 1267 710 noetis,

118 735 149 794 et
166 731 375 796 transivimus
389 731 580 815 profundam
597 751 723 795 arenam
741 751 841 815 usque
863 731 1026 796 adortum
1049 731 1134 813 solis,
1157 737 1268 816 postea

118 835 309 902 intravimus
325 836 441 902 vallem
463 837 549 902 inter
565 835 736 901 altissimos
751 839 884 918 montes,
907 835 1077 901 horribiles
1099 841 1133 903 et
1147 837 1267 905 infruc-

116 943 234 1020 tuosos,
259 946 292 1006 et
317 942 350 1006 in
374 943 481 1007 eadem
506 940 589 1006 valle
614 940 868 1006 continuavimus
892 944 923 1006 et
946 941 979 1004 in
1003 945 1082 1023 esbr,
1105 943 1214 1008 labore
1236 948 1269 1009 et

116 1043 209 1126 farne,
246 1050 279 1110 et
301 1046 436 1110 maxime
471 1067 531 1130 ego
555 1068 627 1112 cum
649 1045 734 1110 socio
756 1067 837 1124 meo,
870 1047 945 1130 quia
967 1048 1100 1130 angaria
1122 1054 1201 1130 erat,
1237 1052 1269 1114 et

117 1149 329 1216 ieiunavimus
359 1151 429 1236 ipsa
464 1151 516 1216 die
549 1154 581 1215 et
604 1150 769 1235 preterita.
818 1149 858 1214 Et
891 1151 929 1216 de
951 1156 1043 1216 nocte
1065 1153 1212 1218 stetimus
1233 1154 1268 1219 in

118 1276 230 1339 campo
253 1277 371 1342 magno
394 1257 478 1322 inter
500 1259 625 1321 montes
639 1253 662 1333 ²,
687 1260 720 1320 et
742 1254 843 1320 mucri
858 1260 1109 1339 apportaverunt
1132 1281 1151 1322 a
1173 1259 1269 1343 longe

118 1359 197 1424 bene
220 1361 261 1426 ad
285 1361 350 1426 tria
371 1361 511 1426 miliaria
533 1360 643 1425 italica
666 1382 780 1445 equam
805 1360 934 1440 bonam,
958 1383 1030 1426 cum
1053 1384 1116 1447 qua
1137 1363 1269 1429 fecimus

119 1465 322 1531 collationem
337 1465 360 1532 ³.
407 1466 453 1551 [p.
473 1466 530 1552 93]
555 1465 593 1530 ln
617 1466 668 1530 die
684 1465 841 1530 dominica
864 1466 949 1530 etin
971 1465 1053 1532 festo
1075 1469 1177 1534 sancti
1198 1468 1267 1534 Me·

119 1569 185 1635 thei
205 1573 344 1654 apostoli
368 1575 400 1636 et
415 1572 610 1658 evangeliste
634 1572 688 1655 [21
710 1571 811 1656 Sept]
828 1573 1022 1638 surreximus
1045 1596 1136 1640 mane
1151 1575 1268 1640 iterum

119 1674 201 1740 circa
223 1677 360 1742 mediam
384 1681 529 1756 noctem,
562 1679 726 1761 sperantes
748 1675 806 1740 illo
837 1676 887 1740 die
912 1678 1078 1761 pervenire
1100 1681 1140 1744 ad
1162 1680 1267 1746 locum

119 1788 226 1845 sancte
253 1779 438 1846 Katherine.
485 1781 527 1846 Et
560 1781 594 1845 in
629 1785 703 1846 ortu
736 1780 813 1845 solis
835 1787 1043 1864 occurrerunt
1070 1783 1162 1849 nobis
1184 1785 1268 1850 inter

121 1891 244 1950 montes
267 1886 375 1970 plures
396 1885 496 1952 Arabi
519 1886 685 1971 utriusque
708 1907 801 1950 sexus
822 1907 895 1951 eum
917 1887 1023 1970 pueris
1046 1889 1198 1972 parvulis,
1221 1911 1269 1955 se·

122 1990 230 2056 dentes
248 1992 334 2056 nude
363 1991 395 2056 in
420 1992 522 2075 agris,
559 2012 594 2056 ac
625 1991 653 2054 si
676 1995 779 2056 essent
809 2012 900 2070 rane,
932 1992 1103 2057 miserrimi
1126 1993 1270 2060 homines

122 2096 222 2180 quoad
246 2117 362 2180 corpus
384 2099 417 2160 et
440 2097 591 2161 animam.
638 2093 722 2158 Nam
745 2095 864 2179 pagani
886 2096 1015 2178 pessimi
1038 2104 1112 2162 sunt
1136 2103 1168 2163 et
1191 2121 1269 2183 pau-

120 2199 262 2284 perrimi,
286 2199 341 2284 qni
365 2201 486 2266 nullam
509 2200 746 2265 habitationem
770 2199 900 2278 habent,
924 2205 1076 2283 vagantes
1099 2201 1270 2269 hincinde

120 2305 202 2370 sicut
225 2305 336 2382 bestie,
358 2305 511 2370 vilissime
534 2305 663 2384 vestiti,
686 2304 779 2389 pueri
802 2326 911 2370 eorum
934 2305 1053 2371 similes
1076 2309 1198 2389 simeis,
1221 2329 1269 2374 se·

120 2412 229 2475 dentes
262 2410 296 2474 in
329 2432 426 2476 arena
448 2410 685 2476 miserabiliter.
734 2410 775 2474 Et
798 2411 939 2476 videntes
964 2412 1084 2476 domini
1107 2415 1270 2499 peregrini

121 2515 338 2580 misericordia
360 2517 440 2581 moti
463 2521 548 2596 eunt,
571 2519 604 2580 et
620 2515 766 2580 fecerunt
789 2515 833 2580 eie
858 2515 933 2580 dare
955 2538 1052 2600 panes
1066 2518 1214 2602 piscatos,
1238 2525 1271 2586 et

121 2625 213 2686 erant
228 2621 320 2688 valde
343 2621 425 2705 grati
451 2621 489 2686 dc
512 2643 610 2704 pane3
634 2621 696 2704 ipsi
720 2621 804 2684 enim
828 2641 891 2685 non
909 2620 1029 2686 habent
1048 2644 1146 2706 panes
1161 2623 1183 2689 ⁴.
1230 2624 1271 2689 Et

125 2727 207 2792 circa
233 2727 398 2792 meridiem
420 2725 749 2810 appropinquavimus
782 2725 884 2790 monti
907 2727 1062 2808 terribili,
1094 2729 1199 2794 iacens
1232 2730 1270 2794 ad

124 2833 269 2898 dextrum
285 2831 380 2911 latus,
403 2831 495 2896 cuins
511 2852 625 2896 nomen
642 2831 808 2914 proprium
824 2837 871 2894 est
887 2829 1054 2916 Tyranni.
1071 2855 1097 2900 e.
1114 2833 1270 2915 tirannus,

121 2940 153 3001 et
176 2937 235 3002 boc
258 2940 392 3020 propter
419 2936 486 3000 eius
508 2935 713 3018 asperitatem
729 2933 753 3002 ⁶.
799 2933 935 3000 Demum
965 2937 1035 3020 ipse
1065 2937 1116 3002 die
1138 2937 1271 3004 fecimus

684 3043 704 3079 'H'

190 3111 203 3164 l
224 3109 309 3164 Fabri
328 3126 352 3164 a.
373 3125 398 3163 a.
411 3126 434 3166 o.
455 3112 535 3180 sagi,
562 3109 626 3164 dass
645 3107 685 3164 sie
705 3109 752 3163 »in
770 3109 844 3171 loco,
871 3124 954 3177 quem
971 3108 1078 3165 Arabes
1097 3111 1198 3167 vocant
1217 3111 1272 3167 aa·

121 3197 285 3266 mathaym«
310 3197 356 3251 ihr
374 3197 590 3267 nachtquartier
609 3197 802 3266 ansechlugen.
840 3195 918 3250 Anah
936 3196 1025 3250 dieser
1044 3214 1126 3253 name
1145 3198 1197 3254 hat
1214 3199 1272 3255 sich

121 3285 251 3340 erhalten
271 3283 328 3338 und
346 3301 420 3338 avar
438 3285 468 3340 in
487 3286 596 3340 Debbet
616 3285 775 3350 er·Ramle,
801 3284 850 3340 der
868 3287 970 3352 whste,
998 3285 1043 3340 die
1061 3287 1119 3342 sich
1138 3305 1185 3343 am
1205 3288 1272 3345 fusse

121 3372 168 3428 dea
196 3389 292 3443 pasees
320 3373 473 3428 er·itahine
500 3373 635 3430 hinnient.
673 3372 754 3428 Auch
781 3372 832 3426 das
859 3371 1061 3442 palestinische
1084 3373 1184 3430 Ramle
1202 3375 1272 3431 wird

122 3459 218 3531 hsufig
236 3459 429 3530 Ramathaym
448 3462 582 3530 genennt.
620 3459 684 3530 Vgl.
704 3477 725 3515 s.
740 3459 788 3514 105
802 3476 876 3514 anm.
892 3460 905 3512 1
924 3459 982 3512 und
1002 3459 1143 3525 Quaresm.
1163 3462 1198 3526 ΙΙ,
1217 3465 1234 3518 6
1253 3463 1272 3517 f.

124 3549 202 3604 Anah
219 3548 279 3602 dies
297 3549 336 3602 iet
354 3548 400 3604 ein
414 3548 513 3604 beweis
532 3548 578 3602 fur
592 3547 637 3603 die
648 3547 785 3603 identitas
803 3547 851 3602 des
864 3563 958 3616 pasees
971 3547 1124 3604 er-Rakine
1137 3552 1191 3605 mit
1209 3550 1272 3606 dem

124 3635 244 3692 Roachie
254 3638 307 3690 etc.
323 3636 481 3706 derpilger.
535 3637 551 3690 2
565 3635 649 3692 Fabri
660 3637 692 3698 II,
703 3637 755 3691 440
770 3637 859 3690 nennt
875 3634 930 3690 den
947 3633 1025 3704 plen
1035 3635 1273 3707 desnaohtlagers

125 3723 248 3793 Schoyle,
259 3723 367 3778 Tacher
377 3723 434 3779 nnd
446 3724 541 3780 Rieter
550 3725 711 3780 Malohalah
722 3724 779 3778 und
789 3723 956 3779 Melehalak.
1010 3726 1026 3779 3
1039 3723 1120 3778 Lases
1135 3725 1193 3780 sich
1202 3725 1273 3780 auch

123 3811 165 3866 die
184 3811 268 3867 stelle
287 3809 335 3866 des
347 3811 528 3881 nachtlagers
546 3811 625 3866 nicht
640 3811 814 3879 bestimmen,
833 3827 863 3866 so
881 3811 920 3864 ist
939 3809 1009 3866 doch
1027 3810 1126 3876 sicher,
1146 3810 1210 3865 dass
1228 3811 1274 3866 die

124 3900 214 3970 pilger
234 3899 322 3954 durch
341 3899 386 3954 dis
404 3899 498 3955 thaler
516 3899 624 3964 Baralr,
648 3899 747 3955 Lebwe
766 3898 824 3952 und
843 3897 935 3952 Berah
959 3915 1008 3952 aur
1026 3898 1112 3953 ebena
1130 3896 1274 3966 el-Eberig

125 4003 210 4056 rogan
229 3985 287 4040 und
306 4003 360 4041 von
389 3985 453 4042 dort
476 3985 562 4042 durch
588 3987 640 4042 das
660 3987 723 4042 bstl.
742 3985 817 4040 vradi
836 3984 913 4041 Solef
938 3983 982 4038 ins
1001 3983 1075 4038 vadi
1094 3981 1274 4038 esch-Schech

123 4075 285 4145 gelangten.
312 4073 378 4144 vgl.
393 4073 477 4130 Baed.
492 4077 541 4130 537
556 4074 613 4130 und
632 4074 677 4130 die
688 4072 824 4130 kirichen
844 4089 877 4126 au
893 4070 945 4127 482
958 4070 1015 4124 und
1029 4070 1089 4126 512.
1159 4071 1176 4122 4
1189 4067 1274 4124 Fabri

123 4161 156 4226 11,
174 4165 228 4218 443
247 4162 267 4218 f.
286 4161 425 4217 herichtet
442 4161 600 4232 gleichsalls
619 4163 686 4217 iiber
705 4161 780 4216 disse
799 4160 905 4215 Araber
933 4159 990 4212 und
1010 4160 1088 4227 negt,
1114 4155 1153 4210 sie
1174 4157 1274 4212 hatten

125 4250 203 4305 einen
224 4247 334 4318 angriff
350 4249 402 4303 anf
418 4249 463 4304 die
483 4249 634 4304 haravane
648 4248 778 4304 versuobt
796 4247 853 4302 und
873 4246 960 4301 durch
980 4243 1085 4314 einiger
1103 4243 1169 4312 geld
1189 4243 1274 4314 abgs·

124 4337 227 4391 funden
246 4334 359 4390 werden
379 4341 498 4392 mussen.
587 4336 716 4391 5Dieser
734 4335 811 4406 berg,
831 4334 884 4390 den
903 4332 988 4388 Fabri
1006 4330 1064 4386 und
1084 4329 1273 4386 Breidenbach

125 4423 201 4478 nicht
218 4425 379 4488 erwthnen,
400 4423 475 4479 kann
499 4425 549 4480 der
566 4425 631 4494 lage
650 4423 706 4479 und
728 4421 929 4494 besohreibung
947 4420 1019 4476 nach
1038 4436 1091 4474 nur
1109 4417 1157 4474 der
1176 4417 1272 4474 Serbal
