3056 4944
659 324 720 392 113

109 521 171 584 que
194 505 338 584 ternpore
362 499 448 586 regis
469 499 660 565 senacharib
690 505 760 566 erat
789 501 901 566 civitas
932 501 963 565 in
995 504 1080 566 sorte
1113 499 1258 567 detribu

111 603 290 687 Benjamin‚
313 604 436 668 distans
457 605 498 669 ab
520 603 718 670 lhernsalem
742 606 846 670 tribus
869 605 1050 671 miliaribus
1072 605 1205 685 italicis,
1229 611 1261 670 et

111 709 283 774 abeodem
315 729 391 792 rege
421 709 596 788 destructa,
626 709 819 793 depopulata
850 714 883 775 et
911 710 944 774 iu
977 714 1105 776 tantum
1126 710 1264 794 spoliata

113 819 172 892 est,
196 820 234 878 ut
256 815 330 878 inde
351 813 495 879 obtinuit
516 835 630 879 nornen
654 813 849 899 paupercula
866 815 1011 881 Anathot
1026 813 1046 896 ¹,
1070 824 1106 880 ut
1129 816 1263 880 habetur

111 939 259 1002 expresse
282 919 314 982 in
340 923 441 984 textu.
486 917 523 983 ln
543 920 687 985 Anathot
711 921 917 986 morabantur
932 922 1109 987 sacerdotes
1132 926 1164 985 et
1187 943 1262 1005 pro·

110 1023 208 1106 phete
231 1023 342 1098 multi;
367 1025 420 1088 sed
441 1024 534 1089 modo
550 1027 723 1091 secundum
737 1025 938 1092 Jeronimnrn
961 1025 994 1090 in
1017 1026 1152 1112 prologo
1168 1048 1264 1110 super

109 1127 285 1194 Jererniam
307 1125 454 1194 Anathot
476 1134 524 1194 est
544 1131 623 1195 villa
646 1132 697 1196 rel
714 1133 801 1196 vicus
824 1133 856 1196 in
880 1138 966 1198 sorte
983 1131 1149 1216 Benjamin
1172 1133 1263 1196 sitas.

112 1233 153 1298 Et
176 1235 215 1298 de
237 1234 296 1298 illo
317 1235 470 1300 oriundus
501 1240 549 1300 est
570 1235 727 1302 Jeremias
752 1237 910 1322 propheta
940 1260 978 1302 ex
1000 1242 1092 1322 patre
1116 1235 1262 1318 Helchia,

111 1340 165 1423 qui
192 1339 237 1424 [p.
262 1338 319 1424 57]
342 1345 410 1404 erat
439 1341 581 1408 sacerdos
612 1349 645 1406 et
675 1345 834 1428 propheta
865 1344 899 1408 in
925 1345 1068 1408 Anatbot
1090 1342 1261 1408 secundum

112 1443 266 1524 Hebre0s‚
289 1446 342 1510 sed
366 1467 428 1510 non
452 1447 498 1512 ita
520 1447 660 1512 famosus
685 1449 768 1514 sicut
790 1447 961 1528 lemnias,
995 1449 1061 1512 eius
1084 1449 1177 1513 filins.
1224 1449 1262 1512 In

115 1549 262 1614 Auathot
283 1571 347 1614 nou
364 1550 489 1616 videtur
503 1553 600 1618 statio
617 1553 883 1636 peregrinationis
899 1552 965 1616 sive
980 1551 1262 1638 indulgentiarum.

200 1655 278 1739 Sylo
291 1653 312 1718 ².
360 1655 471 1721 Postea
495 1659 680 1742 pervenitur
704 1680 804 1742 prope
827 1656 923 1744 Sylo‚
958 1679 1018 1742 que
1052 1662 1121 1722 erat
1152 1657 1263 1722 civitas

112 1765 266 1846 tempore,
290 1783 352 1845 quo
376 1761 433 1825 lilii
451 1761 548 1826 lsrael
570 1769 723 1846 ceperunt
745 1770 864 1827 terram
888 1768 1039 1842 sanctam,
1064 1767 1097 1826 et
1118 1762 1206 1826 venit
1229 1762 1261 1826 in

112 1873 231 1931 sertem
256 1867 354 1930 tribui
380 1867 528 1948 Effraim‚
555 1869 593 1932 de
625 1891 688 1954 qua
717 1869 804 1933 tribu
837 1874 904 1934 erat
926 1868 1039 1947 donne,
1070 1867 1154 1930 filius
1177 1864 1263 1944 Nun,

113 1971 174 2034 dux
212 1973 280 2036 loeo
305 1970 405 2056 Moysi
442 1973 579 2038 liliorum
605 1973 713 2039 lsrael.
760 1974 801 2038 Et
833 1975 868 2038 in
902 1975 1007 2039 eadem
1032 1972 1162 2036 civitate
1195 1977 1264 2034 erat

114 2077 201 2140 locus
217 2077 318 2142 cultui
335 2077 454 2142 domini
471 2079 654 2163 deputatus,
678 2087 711 2144 et
733 2081 803 2144 ideo
818 2078 915 2144 Josue
932 2077 1140 2164 congregavit
1156 2097 1263 2140 ornnes

114 2181 195 2246 filios
218 2179 316 2246 lsrael
342 2184 363 2247 i.
389 2205 414 2248 e.
438 2186 477 2250 de
508 2186 652 2270 qualibet
681 2187 769 2251 tribu
791 2186 1035 2271 principaliores
1058 2185 1090 2248 in
1114 2182 1197 2262 Silo,
1227 2187 1265 2246 ut

114 2307 184 2350 cum
217 2287 419 2354 solemnitate
452 2290 559 2356 debita
593 2291 805 2357 transferrent
840 2291 1081 2357 tabernaculum
1107 2287 1208 2372 Moysi
1233 2293 1265 2352 et

113 2393 242 2456 archam
267 2395 451 2458 testamenti
487 2396 526 2460 de
549 2394 694 2480 Galgalis
728 2397 762 2460 in
785 2395 871 2482 Sylo.
918 2396 960 2461 Et
990 2397 1023 2461 in
1047 2401 1134 2461 terra
1155 2400 1264 2458 sancta

116 2496 221 2578 primo
245 2495 358 2562 habuit
389 2498 485 2563 araba
507 2502 689 2564 testamenti
721 2501 867 2565 stabilem
892 2503 1106 2580 mansionem,
1139 2504 1171 2564 et
1205 2499 1265 2563 hoc

114 2599 251 2664 habetur
265 2600 362 2666 dosue
385 2603 570 2687 7capitulo.
620 2604 751 2670 Demum
777 2611 920 2690 tempore
942 2607 1025 2691 regis
1040 2605 1115 2671 Saul
1139 2611 1207 2670 erat
1230 2605 1262 2668 in

113 2705 189 2790 Sylo
212 2707 358 2772 sacerdos
374 2709 500 2774 nomine
516 2707 601 2794 Hely
618 2731 690 2775 cum
708 2712 830 2775 duobus
854 2711 930 2776 liliis
952 2712 1018 2776 suis
1041 2711 1138 2775 etiam
1160 2731 1264 2774 sacer·

114 2811 256 2890 dotibus,
286 2812 393 2896 Ophiu
428 2819 460 2878 et
483 2814 635 2895 Phineos,
668 2817 721 2881 sed
754 2817 813 2880 filii
837 2815 938 2880 Belial
968 2817 989 2881 i.
1013 2839 1038 2884 e.
1063 2815 1122 2880 filii
1146 2813 1264 2879 diaboli

113 2923 246 3002 propter
268 2925 408 3002 peccata,
432 2941 493 3004 que
516 2919 679 2999 lecerunt,
708 2921 867 3004 rapientes
890 2921 928 2986 da
950 2921 1112 2988 sacrificiis
1134 2925 1166 2984 et
1189 2941 1263 2984 con·

113 3029 272 3087 sumentes
295 3045 366 3088 curn
392 3027 619 3105 meretricibus,
644 3048 706 3110 que
730 3026 876 3090 iacebant
898 3031 973 3090 aute
997 3025 1162 3110 templum,
1186 3045 1264 3109 quos

113 3136 205 3212 pater
228 3151 289 3194 non
315 3131 461 3197 correxit.
507 3131 709 3215 Quapropter
737 3133 825 3196 missi
858 3155 927 3196 curn
952 3131 1103 3196 archaia
1127 3129 1264 3214 prelium

114 3239 146 3298 et
168 3237 263 3318 capta
278 3235 376 3300 archa
397 3235 595 3302 aPlrilisteis
618 3237 679 3321 ipsi
696 3237 857 3302 interfecti
881 3241 966 3302 sant.
1013 3236 1152 3301 Audiens
1167 3233 1263 3320 Hely‚

115 3343 206 3422 pater
229 3360 358 3420 eorum,
391 3341 497 3406 subito
520 3341 634 3406 cecidit
669 3342 707 3406 de
730 3341 811 3407 sella
840 3347 872 3406 et
894 3341 1065 3408 confractis
1090 3340 1264 3406 cervicibus

115 3449 258 3510 mortuns
273 3450 331 3510 est.
364 3445 407 3510 Et
422 3445 531 3510 dicunt
547 3447 709 3511 doctores:
725 3445 758 3512 si
771 3445 858 3532 Hely
874 3447 1042 3512 damnatus
1058 3449 1115 3524 est,
1131 3450 1264 3530 propter

117 3548 173 3614 hoc
188 3549 293 3614 solum
316 3553 373 3628 est,
397 3550 480 3634 qnod
505 3571 567 3615 non
583 3550 721 3614 correxit
743 3550 827 3614 filios
851 3571 934 3616 snos.
979 3549 1031 3615 Sic
1054 3551 1115 3614 erit
1131 3549 1264 3634 prelatis

115 3654 340 3722 simulantibus
363 3655 401 3720 ad
417 3659 546 3739 peecata
560 3655 769 3720 subditorum.
815 3653 974 3740 'l’empore
991 3654 1074 3740 Hely
1091 3655 1263 3721 sacerdotis

681 3787 701 3824 a

116 3881 255 3954 gegebene
273 3881 445 3952 entiernung
462 3881 575 3936 absolut
593 3879 671 3936 nicht
689 3879 745 3934 mit
765 3879 828 3935 Abu
846 3879 952 3946 (lorch,
974 3899 1046 3952 gans
1064 3883 1118 3951 gnt
1135 3881 1265 3950 dagegen

115 3971 166 4026 mit
185 3975 289 4027 Anata.
326 3967 575 4040 vgr.T0b1.Top.
595 3969 628 4034 ΙΙ,
646 3969 699 4025 394
717 3967 747 4025 ff.
784 3967 951 4036 Eb.·Gnthe‚
972 3969 1031 4026 Pal.
1051 3970 1072 4033 Ι,
1093 3969 1145 4024 224
1163 3969 1184 4022 s.

184 4064 195 4116 1
217 4061 306 4116 lsaias
326 4057 358 4122 X.
377 4059 419 4114 30.
492 4059 508 4112 2
527 4057 661 4112 Welchen
679 4057 724 4112 ort
738 4055 870 4111 Waltlrer
889 4055 935 4112 lr'lr
954 4056 1004 4112 das
1024 4053 1264 4118 hinnulorum,

115 4147 182 4204 usi
205 4148 264 4204 sich
293 4163 344 4202 aus
361 4145 450 4201 dieser
468 4144 688 4200 nnbestimmten
717 4143 831 4213 angabe
859 4143 939 4198 nicht
957 4143 1126 4199 lesbstellen.
1165 4140 1264 4194 Wahr·

114 4235 264 4293 seheinliclr
280 4235 383 4290 beruht
395 4233 517 4290 diuselba
529 4233 581 4288 aul
591 4232 666 4288 einer
678 4229 859 4287 reminiscens
878 4248 915 4286 an
934 4230 979 4284 die
992 4228 1139 4292 tradition,
1160 4227 1264 4282 welche

115 4323 169 4380 Silo
186 4324 216 4380 in
235 4321 311 4378 Nebi
324 4320 472 4376 Sebamwil
492 4321 581 4378 sucht.
617 4319 711 4390 Georg
730 4319 788 4374 will
809 4337 863 4377 ron
882 4319 986 4374 diesem
1004 4315 1113 4387 punlrte
1131 4333 1182 4370 ane
1207 4312 1265 4370 Silo

114 4415 231 4482 genehen
253 4411 355 4466 haben.
393 4409 451 4474 Per,
471 4409 629 4466 Thesaurus
648 4408 823 4466 anectodurn.
863 4413 931 4476 Aug.
946 4403 1029 4458 Vind.
1052 4404 1125 4460 1721.
1148 4401 1182 4467 ll,
1204 4403 1262 4460 752.

178 4520 343 4564 irruentium.
1086 4493 1105 4556 8
