3054 4942
646 345 709 418 211

1 511 2 552 ³
107 524 219 590 vallem
236 543 446 605 nemorosam,
469 547 538 590 cum
559 525 672 590 multis
687 527 854 592 arboribus
871 525 1024 590 consitam
1042 523 1061 590 ¹.
1109 524 1149 591 Et
1171 526 1254 592 circa

109 629 215 696 horam
234 653 351 696 nonam
366 631 544 696 dimisimus
560 632 644 696 viam
666 632 705 696 ad
727 631 871 708 Altthor,
896 653 957 716 que
979 635 1027 696 est
1043 631 1154 696 civitas
1176 632 1254 696 satis

105 734 225 800 famosa
246 756 344 818 super
367 735 445 800 litus
468 736 565 800 maris
582 737 681 816 rubri,
705 737 814 822 ibique
830 737 941 801 dicunt
965 735 1067 800 multa
1090 735 1175 800 facta
1197 758 1254 820 per

106 839 185 904 filios
202 838 326 904 Israhel
343 837 365 905 ².
412 840 453 904 Et
469 841 539 924 ipsa
559 841 610 904 die
625 841 882 907 continuavimus
897 862 954 925 per
969 829 1067 906 valles
1084 843 1115 904 et
1131 845 1255 905 montes

105 950 136 1008 et
151 945 218 1008 vias
241 945 359 1010 multas
381 950 536 1028 petrosae,
558 947 596 1011 de
619 967 753 1032 seroque
776 947 913 1012 eiusdem
930 945 1087 1011 dominice
1102 945 1255 1010 mactavit

104 1071 195 1115 cocus
217 1071 310 1114 ovem
332 1049 499 1114 deductam
524 1071 581 1132 per
597 1051 758 1116 desertum
780 1051 863 1116 sicut
884 1051 952 1116 ovis
967 1049 1088 1133 loseph
1104 1049 1126 1112 ⁸.
1173 1049 1252 1114 Item

103 1177 195 1220 mane
219 1155 252 1218 in
276 1155 327 1218 die
342 1153 508 1218 Michaelis
533 1152 592 1240 [29
608 1154 711 1240 Sept]
736 1157 853 1222 iterum
877 1177 934 1239 per
956 1155 1159 1240 deigratiam
1182 1176 1253 1218 sur·

103 1263 243 1324 reximus
265 1259 343 1324 satis
367 1281 469 1339 mane,
492 1265 525 1324 et
547 1261 631 1326 circa
653 1262 821 1344 septimam
838 1261 952 1325 horam
967 1259 1146 1324 dimisimus
1169 1259 1255 1324 iuter

104 1372 230 1430 montes
254 1364 389 1430 camelos
424 1371 456 1430 et
478 1366 650 1430 nonnullos
683 1368 721 1431 de
743 1366 861 1431 nostris
894 1387 966 1430 cum
990 1364 1085 1448 ipsis,
1121 1368 1153 1428 et
1184 1387 1255 1430 cum

104 1471 202 1535 asinis
217 1469 445 1534 declinavimus
461 1491 569 1534 versus
594 1471 737 1535 dextram
763 1493 902 1547 manum,
926 1475 958 1534 et
974 1470 1172 1534 ascendimus
1195 1468 1254 1534 ali·

104 1576 244 1660 qualiter
267 1581 390 1640 montes
432 1583 464 1640 et
498 1576 689 1641 intravimus
712 1577 839 1654 vellem,
870 1575 925 1639 ubi
949 1575 1124 1658 reperimus
1146 1573 1254 1658 plures

104 1680 227 1757 fontem
263 1681 317 1744 sed
340 1702 553 1765 aqueeorum
578 1687 670 1745 erant
692 1680 828 1759 8818818,
852 1685 883 1744 81
906 1699 969 1747 nos,
986 1701 1048 1744 non
1073 1683 1255 1762 poteramus

104 1786 229 1865 bibere,
261 1785 362 1848 bestie
399 1790 505 1850 tamen
538 1785 689 1850 biberunt
721 1785 860 1848 fortiter.
905 1781 943 1847 In
979 1785 1041 1848 ista
1063 1784 1146 1848 valle
1168 1786 1256 1848 stant

105 1890 206 1954 multe
229 1911 346 1974 magne
369 1889 497 1954 arbores
527 1889 652 1954 nullum
688 1889 826 1954 fructum
851 1889 961 1952 dantes
985 1889 1048 1954 nisi
1072 1889 1256 1954 durissimas

104 1996 229 2078 spinas;
252 1995 349 2060 flores
366 1997 506 2077 portant,
531 1999 562 2059 et
585 2016 622 2059 ex
637 1995 768 2059 floribus
784 2000 957 2058 nascuntur
980 1993 1059 2058 tales
1081 1995 1171 2078 spine
1194 2015 1253 2078 pro

106 2101 273 2166 fructibus.
321 2098 384 2164 lste
408 2100 499 2183 spine
522 2105 598 2164 sunt
621 2097 810 2178 fortissime,
834 2099 866 2162 in
891 2097 995 2163 colore
1018 2099 1107 2178 albe,
1131 2099 1165 2162 in
1187 2099 1254 2164 acie

103 2228 177 2271 vero
201 2205 309 2286 rubee,
334 2209 367 2269 et
389 2203 533 2270 famatur
555 2226 614 2288 pro
637 2209 735 2282 certo,
758 2204 840 2287 quod
857 2225 974 2268 corona
990 2201 1110 2268 Christi
1133 2204 1197 2268 fuit
1219 2205 1257 2269 de

105 2311 170 2376 illis
185 2310 288 2394 spinis
304 2309 390 2375 facta
404 2309 428 2374 ⁴.
467 2310 535 2396 Ego
551 2310 666 2394 collegi
682 2309 806 2393 aliquas
822 2309 930 2392 spinas
945 2313 978 2374 et
994 2331 1089 2374 unam
1105 2331 1254 2376 coronam

675 2432 690 2462 O

108 2503 161 2556 mit
181 2501 236 2556 den
256 2500 384 2556 Arubern
402 2499 482 2555 einen
500 2499 602 2570 lrampf
617 2499 725 2569 gehabt
742 2499 774 2570 (8.
795 2499 844 2554 199
862 2516 937 2556 anm.
951 2501 988 2571 4),
1007 2502 1064 2556 und
1083 2518 1130 2556 am
1150 2501 1256 2572 folgen-

108 2589 161 2644 den
181 2591 251 2658 1838
269 2587 356 2642 durch
370 2589 458 2642 whste
475 2586 568 2642 thtler
585 2604 679 2656 rogen,
699 2587 752 2642 aul
766 2587 855 2642 denen
875 2585 914 2642 sie
925 2587 1140 2659 hergelrommen
1153 2605 1255 2646 varen.

105 2675 156 2731 Die
173 2675 234 2731 hier
253 2674 408 2730 berichtetc
427 2674 611 2744 abweichung
631 2693 693 2731 vom
711 2675 839 2744 herwege
858 2675 935 2730 lrann
962 2677 1022 2733 also
1041 2695 1094 2732 nur
1113 2677 1173 2732 eine
1192 2677 1255 2732 sehr

104 2763 190 2818 lrurae
209 2779 336 2832 genesen
354 2762 414 2818 sein
442 2763 499 2817 und
526 2780 579 2818 nur
605 2763 688 2818 darin
707 2762 864 2818 hestauden
881 2762 983 2830 haben,
1011 2765 1074 2820 dass
1100 2764 1145 2820 die
1164 2765 1256 2834 pilger

105 2851 158 2906 auf
173 2849 236 2905 dem
249 2851 377 2920 bernego
395 2850 482 2906 durch
501 2851 552 2906 das
565 2851 683 2906 detliche
702 2851 765 2906 thal
777 2849 855 2908 Solef
872 2855 903 2906 iu
921 2851 972 2908 das
985 2852 1059 2908 vvadi
1072 2851 1254 2908 esch-Schech

102 2955 205 3009 rogen,
235 2938 289 2994 881
314 2939 379 2994 dem
396 2940 543 3010 rllckvvegs
563 2942 691 3010 dagegen
719 2939 770 2994 das
788 2937 847 2994 drei
866 2939 1016 2995 kilometer
1034 2939 1191 2996 vvestlicher
1210 2957 1258 3010 ge·

103 3027 202 3096 legcne
220 3025 429 3096 gleiehnamige
446 3027 508 3082 thal
531 3029 683 3084 beniltrten
701 3027 758 3082 und
778 3027 808 3081 in
827 3027 877 3084 der
894 3028 981 3084 ebene
999 3027 1144 3099 el·llberig
1156 3028 1257 3086 wieder

101 3115 154 3170 anf
169 3113 252 3168 ihren
272 3114 351 3170 alten
370 3132 431 3185 weg
448 3116 560 3172 humen.

175 3205 187 3258 1
209 3202 289 3256 huch
308 3202 392 3258 Fabri
408 3203 441 3271 lI,
461 3201 513 3258 510
531 3206 611 3274 sagt:
637 3203 683 3258 »in
703 3206 856 3260 torrentem
875 3201 1082 3267 descendimus,
1101 3203 1150 3272 qui
1168 3203 1257 3259 delec-

101 3288 201 3344 tabilis
219 3293 296 3352 erat,
321 3290 389 3360 quia
412 3291 512 3361 plenus
532 3291 644 3360 myricis
663 3293 692 3346 et
711 3290 844 3361 virgultis
864 3291 987 3346 stabatc.
1025 3289 1089 3344 Dies
1107 3291 1185 3345 kann
1205 3309 1258 3346 nur

102 3377 153 3432 das
166 3376 242 3432 wadi
256 3377 408 3434 el-Achdur
429 3379 496 3444 scin,
516 3379 566 3434 das
586 3398 623 3434 an
641 3381 690 3436 der
707 3380 830 3436 slidseite
848 3381 897 3435 der
909 3381 997 3435 ebene
1011 3379 1103 3433 Erves
1116 3379 1259 3449 ebllberig

103 3463 286 3521 vorbeinieht.
322 3465 486 3530 Eb.·Guthe,
507 3467 566 3522 Pel.
586 3468 620 3532 ll,
640 3468 700 3525 382.
735 3467 819 3524 Baed.
838 3468 917 3522 llart.
937 3467 995 3524 512.
1031 3465 1129 3522 Damit
1148 3467 1258 3522 stimmt

102 3553 174 3608 auch
193 3553 242 3608 die
259 3555 370 3624 angabe
388 3554 541 3620 Walthers,
561 3555 625 3610 dass
645 3556 683 3610 sie
702 3557 767 3612 dort
785 3556 840 3611 den
852 3574 922 3626 weg,
942 3555 992 3610 der
1010 3555 1084 3610 nach
1097 3553 1151 3610 'l'or
1170 3555 1257 3622 stlhrt,

104 3627 262 3706 verliellen;
282 3658 310 3698 88
330 3641 411 3697 fuurt
430 3643 553 3698 ntmlich
571 3644 659 3699 durch
678 3645 729 3700 das
743 3644 970 3713 genanntewedi
988 3643 1034 3698 eiu
1047 3661 1109 3712 weg
1126 3661 1175 3697 aur
1194 3660 1258 3700 oues

103 3727 188 3784 Firan
208 3728 265 3784 und
280 3747 334 3786 von
353 3730 419 3784 dort
439 3731 512 3786 nach
531 3731 594 3790 Tor.
631 3731 681 3788 Die
694 3732 833 3802 engeten,
853 3732 958 3787 welche
970 3731 1102 3788 Walther
1120 3732 1150 3786 in
1168 3731 1258 3800 beaug

104 3816 154 3870 881
170 3816 217 3872 die
236 3820 329 3874 ersten
346 3819 520 3889 tageeaeiten
539 3822 644 3884 macht,
664 3821 797 3876 stimmen
817 3820 895 3876 nicht
914 3837 1006 3890 genau
1026 3819 1258 3874 8111888818-

104 3903 168 3969 bris,
186 3905 278 3961 welch
295 3907 411 3962 letatere
429 3907 474 3962 die
492 3907 631 3978 richtigen
649 3908 723 3966 sind.
805 3911 821 3963 2
842 3908 922 3964 Nauh
941 3909 1037 3972 Grata,
1057 3907 1188 3978 Schaupl.
1209 3907 1258 3961 142

104 3989 174 4048 bielt
187 4009 256 4048 man
268 3993 308 4048 im
326 3995 446 4065 djehrh.
461 3995 593 4052 teilvveise
611 3997 682 4050 auch
695 3995 749 4052 Tor
768 3997 814 4050 fur
834 3997 885 4051 das
898 3997 966 4051 bibl.
981 3997 1063 4052 Elim.
1101 3999 1137 4052 Ει
1149 3994 1259 4049 sehelnt

104 4085 169 4140 aher
188 4083 261 4139 auch
279 4085 374 4152 spater
393 4084 463 4138 noch
481 4085 553 4140 uach
575 4085 718 4140 Walthere
737 4085 917 4155 hemerhuug
935 4085 988 4140 mit
1008 4085 1096 4141 Moses
1117 4082 1174 4138 und
1194 4083 1257 4137 dem

105 4173 186 4228 vollre
205 4171 293 4226 lsrael
312 4170 343 4225 in
356 4171 531 4242 verbindung
549 4173 687 4244 gebracht
698 4173 814 4230 worden
832 4191 867 4228 88
884 4175 955 4228 sein.
1061 4173 1077 4228 3
1096 4171 1145 4225 lhr
1158 4170 1257 4225 nacht-

104 4259 231 4328 quartier
249 4263 360 4314 mllseen
378 4259 423 4314 die
440 4259 531 4329 pilger
549 4259 589 4314 im
607 4258 680 4314 vadi
705 4261 794 4316 Berah
814 4261 1034 4330 autgeschlagen
1052 4258 1159 4322 haben;
1179 4257 1257 4312 daun

104 4345 185 4402 hatte
210 4347 257 4400 ihr
275 4347 386 4402 marech
413 4363 503 4419 gegen
527 4348 621 4404 sieben
648 4348 770 4404 rtunden
789 4348 938 4418 gedauert.
978 4347 1042 4415 Vgl.
1062 4346 1145 4402 Baed.
1165 4347 1218 4400 536
1237 4346 1256 4400 f.

105 4436 122 4486 4
152 4435 217 4490 Hier
244 4433 283 4488 ist
297 4433 448 4502 jcdenlalls
476 4435 527 4490 das
554 4435 642 4490 durch
673 4437 842 4492 ·eahlreiche
870 4438 928 4492 alle
947 4433 1133 4503 Seyalbtume
1161 4451 1258 4506 ausge-

1033 4525 1104 4589 14¹⁵.
