3054 4942
793 327 857 393 250

250 501 353 568 Mauri
380 503 584 589 retinuissent
612 504 742 569 eundem
778 507 948 587 patronum
993 508 1024 568 et
1046 505 1225 589 posuissent
1258 526 1330 568 eum
1363 505 1400 570 ad

251 627 420 688 carcerem,
444 631 608 694 quousque
630 609 766 674 solveret
788 609 912 694 aliquas
935 631 1049 693 penas,
1085 631 1163 694 quas
1185 609 1400 676 demeruisset.

252 711 293 776 ln
315 713 465 778 dixerunt
486 714 598 799 aliqui,
622 716 704 800 quod
729 736 870 779 suminus
886 715 1069 798 capitaneus
1084 715 1248 800 galearum
1273 715 1402 780 fecisset

250 817 348 882 aliurn
371 822 539 902 patronum
576 821 676 906 ipsius
698 821 799 904 galee.
844 819 897 884 An
920 826 1027 896 autem
1050 843 1160 885 verum
1192 821 1252 900 sit,
1285 821 1399 886 nescio.

251 921 292 986 Et
314 943 438 988 eramus
461 945 569 990 ornnes
591 928 625 990 in
648 947 766 1010 magno
789 925 932 1009 periculo
954 931 986 990 ct
1010 927 1136 1006 timore,
1158 947 1198 990 ne
1220 925 1323 990 Mauri
1349 948 1400 992 ca·

250 1033 363 1111 parent
378 1031 573 1095 occasionem
590 1035 700 1096 contra
714 1053 822 1096 omnes
838 1031 946 1115 galeas
968 1034 1001 1095 et
1016 1035 1162 1095 tenerent
1179 1052 1236 1096 nos
1249 1030 1270 1094 ¹.
1317 1029 1400 1096 Item

253 1138 368 1216 quarta
391 1134 510 1198 decima
533 1136 584 1202 die
598 1139 713 1202 mensis
729 1137 921 1202 Novembris
936 1137 1113 1221 incepimus
1137 1157 1208 1202 cum
1225 1136 1320 1200 remis
1343 1159 1401 1201 na·

247 1238 370 1322 vigere,
395 1239 470 1322 quia
492 1246 604 1306 uentus
627 1263 690 1307 non
714 1248 782 1306 erat
805 1265 864 1325 pro
888 1242 990 1307 nobis.
1035 1241 1077 1307 Et
1092 1241 1237 1327 sequenti
1261 1241 1320 1318 die,
1345 1242 1401 1307 acl.

247 1342 381 1408 sabbato
405 1349 477 1427 post
493 1345 625 1411 Martini
650 1347 705 1432 [15
725 1346 836 1433 Nov.],
860 1348 946 1412 dedit
968 1347 1113 1412 dominus
1136 1369 1174 1412 ex
1198 1368 1255 1411 sua
1269 1347 1402 1430 speciali
1425 1375 1427 1378 ·

248 1449 354 1533 gratia
376 1471 435 1533 pro
458 1453 549 1517 nobis
571 1455 708 1518 multum
731 1454 870 1518 validum
893 1461 1040 1532 ventum,
1073 1454 1128 1538 qui
1151 1452 1279 1516 duravit
1301 1472 1403 1537 usque

247 1554 286 1618 ad
310 1553 421 1619 feriam
445 1561 590 1640 quartam
614 1561 809 1644 sequentem,
833 1559 892 1624 hoc
914 1563 962 1622 est
984 1579 1042 1642 per
1072 1539 1213 1643 quinque
1235 1557 1311 1622 dies.
1358 1557 1401 1622 Et

248 1656 381 1722 fecimus
413 1661 445 1724 in
469 1661 532 1725 hiis
556 1663 697 1748 quinque
720 1665 829 1728 diebus
851 1664 988 1728 multum
1012 1684 1163 1747 prospere
1187 1665 1291 1726 totum
1313 1683 1403 1726 mare

249 1765 409 1848 usquead
433 1763 602 1847 Caudium,
626 1768 680 1832 ubi
705 1769 875 1853 aliquando
907 1773 1004 1833 naute
1027 1770 1147 1833 habent
1170 1768 1322 1852 navigare
1344 1789 1404 1850 per

249 1867 365 1951 viginti
388 1869 471 1946 dies;
504 1893 560 1936 nos
583 1893 657 1938 uero
680 1895 742 1938 non
769 1873 957 1939 intravimus
981 1873 1142 1939 Candiarn.
1189 1871 1270 1938 Item
1294 1872 1328 1936 in
1351 1873 1404 1937 die
1517 1935 1518 1948 ,

248 1977 355 2038 sancte
379 1973 542 2040 Elisabeth
570 1974 624 2064 [19
647 1975 745 2065 Nou]
770 1981 858 2044 venit
887 1985 978 2045 tanta
1006 1983 1178 2064 tempestas
1202 1983 1234 2042 et
1260 1979 1401 2058 fortuna,
1517 2003 1518 2038 l

248 2083 368 2164 quanta
390 2103 409 2144 a
431 2082 543 2147 multis
565 2086 657 2148 annis
679 2087 784 2150 nautis
816 2089 848 2150 et
867 2086 998 2170 galiotis
1027 2107 1090 2151 nou
1114 2089 1162 2148 est
1186 2085 1270 2159 visa3
1306 2088 1339 2148 et
1362 2107 1401 2148 cx

248 2184 389 2250 motione
412 2188 509 2250 maris
531 2189 625 2252 multi
649 2189 726 2252 facti
752 2193 827 2254 sunt
850 2189 968 2253 infirmi
992 2190 1030 2253 de
1045 2188 1284 2266 mercatoribus,
1309 2209 1401 2270 pere·
1517 2199 1518 2276 l

248 2290 349 2374 grinis
373 2314 409 2356 ac
424 2292 569 2375 galeatis,
593 2295 625 2357 et
642 2295 743 2360 coacti
766 2317 784 2358 a
812 2298 1001 2378 tempestate
1024 2295 1097 2378 plus
1121 2315 1215 2378 quam
1232 2293 1401 2377 octoginta

247 2395 386 2459 miliaria
418 2401 508 2462 extra
530 2420 635 2462 veram
660 2400 742 2463 viem
774 2400 986 2483 applicuimus
1020 2404 1149 2484 portum
1182 2398 1280 2463 maris
1312 2397 1404 2462 iuxta

249 2500 384 2564 insulam
409 2500 541 2585 Nyg02,
577 2503 630 2566 alii
666 2505 777 2568 dicunt
801 2503 912 2589 Nydo,
945 2525 1044 2588 prope
1080 2503 1244 2568 castellum
1267 2502 1402 2588 Nygum

248 2606 327 2669 bora
349 2605 534 2671 duodecima
556 2608 636 2682 diei:
672 2614 704 2673 et
727 2610 771 2674 ibi
794 2611 942 2675 stetimus
965 2617 1187 2693 pernoctem,
1218 2613 1251 2674 et
1273 2610 1306 2672 in
1330 2610 1404 2692 ipsa

249 2714 341 2776 nocte
362 2717 508 2777 mortuus
531 2719 579 2778 est
594 2715 781 2798 magnificus
804 2716 950 2780 dominus
966 2715 1110 2779 Andreas
1127 2713 1326 2794 Fontherini,
1351 2735 1402 2778 se-

247 2817 318 2882 nior
341 2817 450 2882 consul
475 2818 507 2882 in
530 2817 652 2885 sontico
678 2818 871 2886 Venetorum
894 2821 927 2885 in
952 2819 1166 2898 Alexandria,
1189 2819 1308 2904 absque
1332 2841 1401 2883 om-

249 2923 343 2987 nibus
365 2925 570 2989 sacramentis
593 2932 798 3012 preterquam
820 2927 1043 3002 confessionis3
1069 2947 1164 3009 quem
1189 2945 1279 2989 mane
1302 2924 1399 2990 duxe-

248 3033 325 3092 runt
348 3029 385 3093 ad
409 3029 487 3094 litua
509 3033 621 3110 rueris,
653 3039 685 3096 et
713 3034 744 3096 in
770 3033 904 3117 quadam
928 3031 1049 3115 capella
1073 3053 1173 3115 prope
1195 3051 1281 3094 mare
1304 3051 1400 3095 exen-

248 3140 370 3200 temtus
393 3141 441 3202 cst
464 3159 482 3201 a
505 3139 665 3203 rasoribus
689 3143 720 3202 et
743 3139 966 3204 aromatisatus
1003 3143 1036 3202 et
1059 3139 1253 3214 reconsutus,
1289 3157 1400 3218 repor-

248 3245 397 3306 taverunt
420 3243 552 3307 eumad
577 3243 701 3326 galeam
724 3247 758 3308 et
785 3243 944 3306 duxerunt
968 3263 1039 3306 eum
1063 3241 1101 3304 ad
1119 3239 1268 3304 Venetias
1282 3238 1306 3303 ⁸.
1353 3239 1400 3304 Ex

248 3345 364 3430 quibus
387 3346 565 3411 luculenter
590 3351 725 3431 apparet
748 3347 919 3412 mentitum
942 3369 1007 3411 esse
1026 3347 1167 3425 verbum,
1190 3343 1274 3430 quod
1297 3345 1400 3409 fama·

248 3455 317 3514 tur:
352 3448 440 3513 Mare
474 3452 564 3515 nullo
595 3453 688 3516 modo
718 3457 824 3535 potest
846 3451 1003 3516 sustinere
1025 3453 1177 3516 cadavera
1199 3453 1400 3514 mortuorum

320 3624 333 3676 1
355 3619 437 3677 Fabri
456 3621 506 3688 Ill,
525 3625 576 3679 212
595 3625 652 3679 und
671 3561 879 3679 Breideubilll
903 3624 1036 3693 aprecben
1055 3621 1125 3677 auch
1143 3639 1197 3678 von
1216 3621 1319 3677 diesem
1339 3623 1401 3677 aul·

247 3709 382 3764 anthalte.
490 3712 507 3766 2
532 3713 583 3767 Die
606 3713 675 3767 insol
702 3711 768 3775 Nio,
797 3713 848 3766 das
876 3711 934 3767 alte
952 3711 1008 3767 loa.
1045 3710 1129 3765 Fabri
1148 3710 1204 3774 ΙΙΙ,
1223 3711 1276 3766 292
1294 3711 1323 3766 ff.
1342 3711 1400 3766 und

247 3797 393 3853 Brcidenb.
415 3801 459 3854 lll
483 3817 575 3868 genae
594 3799 646 3854 wie
660 3800 797 3855 Waltbcr.
834 3799 1028 3854 Ott-Heinrich
1048 3798 1155 3870 spricht
1173 3799 1258 3852 bitere
1276 3815 1332 3854 von
1351 3798 1401 3854 der

247 3885 318 3941 insel
338 3886 416 3954 Nyo,
441 3888 544 3942 welche
569 3886 653 3942 sehr.
673 3887 781 3940 lleissn.
801 3887 833 3940 D.
852 3887 923 3957 pilg.
942 3889 994 3942 394
1012 3886 1040 3942 ff.
1066 3887 1112 3940 fiir
1136 3886 1187 3941 das
1215 3885 1274 3940 alte
1292 3886 1400 3941 Nisiros

250 3975 348 4031 baltcn
369 3975 451 4046 (wohl
471 3974 525 4028 mit
543 3975 668 4030 unrecbt.
706 3975 770 4044 Vgl.
788 3975 842 4029 bes.
864 3975 948 4030 Fabri
967 3975 1014 4038 ΙΙΙ,
1034 3976 1105 4045 299).
1211 3975 1228 4028 3
1255 3973 1341 4027 Fabri
1359 3989 1401 4028 cr·

247 4063 345 4116 wenna
363 4063 456 4116 diesen
476 4061 571 4118 consul
591 4062 693 4126 biters3
722 4079 751 4115 cr
769 4062 851 4116 hatte
869 4062 918 4115 ibn
938 4063 1023 4118 schon
1042 4062 1071 4116 in
1093 4061 1176 4118 llairo
1194 4061 1333 4132 getroffen
1352 4062 1400 4125 ΙΙΙ,

246 4151 279 4206 32
298 4151 334 4216 f.,
361 4149 414 4204 mit
432 4150 490 4203 ihm
510 4151 539 4202 in
561 4148 749 4204 Alexandrian
769 4149 820 4203 das
840 4149 948 4219 gleiche
966 4148 1048 4204 schiff
1063 4149 1187 4218 beregen
1206 4149 1252 4213 ΙΙΙ,
1274 4151 1322 4203 l'll
1343 4149 1401 4204 und

246 4238 355 4292 errabit
374 4238 472 4294 descen
491 4237 539 4294 tod
561 4237 617 4292 und
637 4236 896 4308 einbalsemierung
915 4237 966 4292 uie
981 4237 1119 4292 Waltbcr.
1157 4237 1233 4290 Aucb
1254 4236 1399 4292 Brcidcnb.

248 4327 296 4380 111
316 4325 455 4382 berichtet
473 4327 567 4381 diesen
585 4324 728 4391 todesfalt
748 4344 801 4380 nur
819 4327 908 4397 geben
927 4326 1018 4381 weder
1037 4343 1068 4381 cr
1086 4325 1156 4381 noch
1167 4323 1250 4378 Fabri
1273 4325 1327 4378 den
1348 4341 1396 4380 na·

246 4429 310 4466 men
329 4413 376 4468 dea
395 4414 504 4470 musula
524 4431 571 4469 an.
