3056 4944
820 313 882 378 130

275 489 330 554 ille
358 489 591 556 miserabiliter.
636 488 731 554 Stans
764 491 871 553 autem
894 486 1058 566 Valerius,
1088 489 1232 555 sacerdos
1260 490 1422 575 indignus,

276 593 491 660 iherosolimis
524 599 556 658 et
590 595 659 678 ipse
690 593 812 677 aceepit
834 593 960 657 litteras
994 597 1031 658 ut
1054 592 1161 656 alter¹
1184 595 1223 658 ad
1246 594 1424 660 soldanum.

277 698 318 764 nt
339 703 377 764 ut
400 701 544 782 pervenit
567 700 657 784 quasi
691 699 730 764 ad
753 699 831 762 fines
861 701 947 762 terre
969 701 1095 777 sancte,
1130 701 1342 763 occurrerunt
1364 699 1425 762 sibi

275 804 376 888 aliqui
391 802 567 884 Sarraceni,
591 805 730 870 fautores
753 803 891 868 fratrum
914 804 946 868 in
970 808 1078 868 monte
1093 801 1189 888 Syon,
1213 803 1268 888 qui
1284 804 1424 868 interro-

275 913 432 993 gaverunt
454 895 526 974 eum
549 907 586 974 de
609 911 738 994 negotio
760 930 827 974 suo,
873 908 915 973 Et
936 930 1009 973 oum
1032 907 1227 992 exposuisset
1250 909 1295 972 eis
1318 911 1426 974 totum

276 1013 397 1078 laetum
419 1016 451 1078 et
473 1014 685 1079 intentionem
707 1013 856 1094 faciendi,
880 1014 935 1078 isti
959 1014 1240 1078 consideraverunt
1262 1036 1335 1078 eum
1359 1035 1428 1078 esse

276 1117 436 1183 ribaldum
460 1124 493 1184 et
507 1141 645 1205 nequam
667 1125 699 1184 et
713 1119 862 1184 dixerunt
885 1119 918 1182 in
942 1118 1015 1182 dolo
1038 1118 1077 1183 ad
1093 1140 1183 1184 enm:
1209 1117 1296 1184 >Nos
1320 1123 1354 1182 te
1378 1119 1426 1182 iu-

276 1245 350 1288 vare
372 1223 519 1289 volumus
542 1229 575 1290 et
598 1231 701 1290 teonm
725 1225 900 1309 equitare«.
947 1223 989 1288 Et
1021 1224 1054 1288 in
1084 1223 1154 1306 ipra
1176 1223 1226 1288 die
1248 1224 1335 1288 eirea
1357 1245 1426 1288 ves·

276 1351 368 1414 peras
384 1334 540 1394 venerunt
561 1331 601 1395 ad
624 1353 720 1395 unam
735 1330 898 1394 civitatem
922 1335 954 1393 et
970 1329 1120 1394 dixerunt
1135 1328 1318 1394 sarraceni:
1346 1327 1426 1393 »Co-

276 1435 437 1500 medamua
471 1439 503 1500 et
524 1435 670 1500 bibamus
702 1439 734 1499 et
766 1439 876 1518 postea
898 1455 1045 1498 exeamus
1077 1438 1167 1497 extra
1197 1433 1362 1498 civitatem
1395 1436 1428 1497 et

276 1563 369 1604 mane
392 1541 456 1605 eibo
478 1541 669 1624 arripiamus
692 1540 808 1604 viam«.
854 1539 895 1603 Et
925 1559 997 1603 eum
1026 1543 1108 1602 esset
1138 1560 1219 1618 nox,
1250 1543 1427 1622 posuerunt

276 1666 309 1710 se
331 1645 421 1712 iuxta
437 1647 564 1726 bestias,
589 1650 621 1710 et
643 1647 717 1711 dum
741 1645 894 1711 dormiret
910 1645 1067 1726 Valerius,
1091 1649 1296 1710 surrexerunt
1313 1643 1426 1709 Sarra·

277 1752 346 1816 eeni
369 1757 402 1817 et
424 1753 608 1818 oeciderunt
621 1749 786 1816 Valerium
803 1749 1030 1816 miserabiliter
1044 1751 1264 1828 dormientem,
1288 1749 1346 1834 qui
1369 1768 1427 1812 nea

277 1857 385 1940 potnit
407 1858 445 1922 de
467 1856 605 1942 pendatis
628 1857 735 1922 dolere
768 1877 826 1922 nee
854 1857 978 1923 dieere:
1011 1855 1097 1922 Deus
1121 1856 1283 1920 miserere!
1331 1855 1427 1920 Cuius

279 1962 411 2026 cadaver
433 1962 562 2042 nudum,
586 1961 799 2046 exspoliatum
814 1961 1016 2045 proiecerunt
1037 1961 1123 2024 inter
1140 1981 1261 2044 vepres.
1307 1959 1350 2024 Et
1373 1980 1425 2024 ae·

279 2069 434 2150 oeperunt
448 2065 574 2131 litteras
590 2073 622 2132 et
636 2067 752 2146 omnia,
777 2089 838 2152 que
854 2067 1002 2146 habebat,
1018 2066 1164 2130 tulerunt
1179 2067 1212 2130 in
1229 2065 1424 2130 iherusalem

279 2174 389 2238 dantes
413 2173 539 2237 litteras
560 2173 725 2252 fratribus,
748 2177 914 2237 narrantes
930 2171 1060 2251 laetum,
1084 2171 1167 2256 quod
1184 2171 1338 2237 fecerunt.
1386 2169 1426 2233 Et

277 2278 323 2342 sio
344 2277 420 2342 deus
443 2277 594 2342 liberavit
614 2277 731 2342 fratres
753 2299 772 2342 a
795 2277 938 2361 perieulo
962 2299 1019 2362 per
1041 2276 1238 2361 dispendium
1256 2297 1427 2360 corporum

277 2387 309 2448 et
324 2383 502 2447 animarum
516 2383 646 2447 illorum
662 2403 880 2466 perversorum
900 2382 1075 2447 hominum.
1122 2381 1189 2445 Hee
1211 2401 1284 2445 oum
1307 2400 1425 2464 magno

278 2486 386 2552 dolore
409 2489 512 2552 cordis
546 2492 578 2551 et
609 2487 800 2551 invitissima
822 2487 951 2570 seripsi,
983 2491 1177 2550 nontamen
1208 2485 1250 2550 ob
1273 2486 1425 2550 honorem

278 2591 399 2656 ordinis
416 2593 588 2657 obmittere
604 2591 699 2672 volui,
723 2595 759 2656 ut
774 2591 937 2656 reverendi
953 2597 1070 2675 patres,
1088 2591 1142 2674 qui
1159 2589 1280 2654 habent
1294 2591 1424 2655 mittere

279 2697 413 2778 fratres,
435 2717 588 2780 magnum
612 2703 792 2780 respectum
815 2697 953 2762 habeant
974 2697 1013 2760 ad
1037 2695 1170 2775 fratres,
1195 2716 1274 2780 quos
1295 2697 1425 2760 mittere

278 2803 389 2883 velint,
409 2807 450 2867 ut
472 2803 538 2868 sint
561 2804 734 2868 seeundum
756 2801 902 2886 regulam
924 2807 1068 2866 nostram
1090 2823 1147 2884 per
1169 2801 1276 2864 omnia
1298 2798 1424 2884 ydonei,

278 2909 343 2972 imo
365 2907 485 2973 maturi
508 2912 542 2971 et
564 2909 680 2988 devoti,
702 2908 796 2972 solidi
820 2913 853 2972 et
874 2909 959 2972 firmi
984 2907 1017 2970 in
1041 2907 1102 2971 fide
1126 2905 1294 2971 catholiea.
1342 2904 1425 2983 Quia

278 3013 355 3078 lieet
370 3034 477 3077 snmus
493 3013 635 3097 religiosi
659 3017 692 3078 et
713 3013 893 3078 bonafama
917 3014 1006 3076 inter
1017 3011 1171 3091 homines,
1194 3013 1301 3075 tamen
1317 3029 1424 3075 sumus

280 3118 424 3182 homines
446 3117 578 3203 fragiles
600 3123 633 3182 et
655 3140 718 3184 non
742 3118 920 3184 confirmati
942 3120 979 3181 ut
1002 3116 1107 3202 angeli
1132 3122 1191 3181 eto.
1205 3113 1229 3180 ².

845 3249 865 3287 e

351 3347 363 3398 l
384 3343 424 3396 Ist
443 3341 582 3398 entweder
600 3341 716 3398 nuntius
741 3361 775 3397 au
794 3348 931 3413 argaman
950 3341 1017 3398 oder
1035 3344 1109 3398 statt
1127 3342 1200 3398 alter
1217 3342 1272 3397 iret
1290 3361 1323 3396 an
1341 3343 1424 3398 lesen.

279 3433 296 3486 2
314 3431 398 3486 Rohr.
413 3431 522 3486 Maisan.
536 3429 638 3485 ZDPV.
654 3431 673 3498 l,
689 3432 740 3487 104
751 3447 852 3500 sagene
892 3430 1069 3500 ›Allerdinga
1087 3430 1126 3484 ist
1143 3446 1172 3484 er
1191 3429 1270 3484 nieht
1282 3429 1423 3490 nnerhdrt,

280 3519 344 3574 dass
363 3518 490 3572 christan
510 3518 553 3574 als
571 3517 719 3574 Muslimen
738 3518 894 3573 verkleidet
912 3517 970 3571 sich
998 3517 1027 3571 in
1046 3517 1097 3572 dae
1117 3517 1220 3572 Horam
1247 3517 1303 3571 und
1322 3517 1352 3572 in
1372 3517 1424 3572 He·

279 3607 350 3664 bron
362 3605 583 3675 eingesehlichen
600 3605 700 3668 haben,
721 3605 788 3660 aber
806 3605 869 3658 dass
888 3605 933 3660 ein
945 3605 1145 3660 I⁴¹ranoiseaner
1163 3603 1217 3660 den
1237 3604 1320 3659 lalam
1340 3619 1424 3674 ange·

280 3710 424 3756 nommen,
452 3691 535 3745 delur
562 3691 601 3746 ist
627 3693 682 3748 den
702 3692 914 3762 Heransgebern
940 3692 1004 3748 kain
1022 3692 1142 3762 einaiges
1162 3691 1280 3763 Beispiel
1308 3711 1358 3750 aue
1376 3693 1424 3748 der

281 3781 447 3837 Gesehiebte
464 3779 512 3834 dea
530 3779 714 3835 Mittelalters
729 3779 832 3849 jemals
850 3779 976 3835 bekannt
995 3779 1167 3849 geworden.‹
1207 3778 1242 3833 Es
1268 3779 1306 3835 iat
1323 3778 1423 3835 mithin

280 3869 330 3924 der
349 3867 438 3922 ablall
451 3866 540 3922 dieser
558 3866 659 3922 beiden
672 3867 828 3932 Minoriten,
848 3885 885 3924 au
903 3867 966 3923 dem
985 3885 1052 3922 man
1071 3870 1146 3924 treta
1165 3867 1214 3923 der
1233 3869 1321 3924 etwas
1338 3869 1424 3924 fabel-

280 3957 381 4012 haften
399 3953 642 4024 aussohmllelrung
659 3955 709 4010 der
727 3956 882 4026 erathlung
899 3956 985 4011 kanm
1005 3955 1074 4010 wird
1094 3955 1220 4010 aweifeln
1239 3958 1358 4022 konnen,
1377 3957 1424 4012 der

280 4049 353 4100 erate
371 4042 428 4096 und
447 4041 569 4112 einaige,
597 4043 646 4098 der
673 4061 723 4099 ans
746 4043 810 4098 dem
828 4044 997 4099 mittelalter
1016 4044 1154 4099 berichtat
1171 4043 1250 4100 vird.
1288 4045 1329 4099 lm
1344 4045 1424 4115 Jahre

284 4133 351 4188 1507
365 4134 427 4186 trat
440 4129 513 4186 anob
524 4131 571 4186 ein
583 4129 820 4187 barfnllermdnoh
832 4121 894 4186 zum
909 4133 993 4187 islam
1008 4131 1083 4186 uber.
1108 4131 1218 4198 Tobler,
1233 4131 1352 4187 Denlrbl.
1366 4133 1423 4188 566.

279 4217 346 4288 Vgl.
371 4217 456 4274 nour.
481 4219 512 4274 D.
539 4219 609 4288 pilg.
635 4220 668 4274 78
692 4235 766 4275 anm.
791 4219 852 4274 307.
888 4217 971 4274 Harff
996 4219 1132 4274 beriehtet
1155 4219 1208 4274 387
1228 4237 1282 4276 von
1311 4217 1423 4274 ›tawein

281 4307 384 4362 eristen
403 4307 573 4371 munchen«,
599 4306 644 4362 dia
664 4307 794 4376 »bynnen
820 4306 892 4376 dryn
914 4307 1028 4377 Jaerenr
1054 4325 1116 4360 aum
1134 4307 1287 4362 Jndentnm
1312 4307 1423 4375 eberge-

203 4391 205 4398 '
280 4397 373 4449 treten
391 4410 492 4449 waren.
