3054 4944
687 367 751 435 299

144 547 180 610 in
204 545 388 611 summitate
410 541 621 628 campanilis¹
645 544 816 608 immurata
839 543 876 606 ad
893 546 1030 628 quatuor
1053 542 1164 626 plagas
1185 539 1295 605 mundi

147 703 154 714 .
181 701 189 717 .
213 703 221 718 .
246 655 277 715 et
300 655 348 716 est
371 649 548 735 perspicua,
572 653 609 713 ut
625 648 786 713 venientes
809 648 847 712 de
865 669 1051 733 quacunque
1075 651 1166 731 parte
1185 645 1295 710 mundi

144 757 274 821 videant
290 755 459 840 tropheum
476 753 596 818 christi
617 753 794 837 insignum
811 753 992 837 patriarche
1016 756 1048 817 et
1063 752 1294 818 canonicorum.

233 859 354 924 Civitas
369 859 549 944 Joppensis,
574 881 635 944 qua
657 859 751 924 modo
765 856 872 942 Japha
887 858 1080 942 appellatur,
1104 879 1167 922 nou
1184 857 1296 923 habuit

146 967 348 1050 episcopum,
377 965 430 1029 sed
454 964 637 1029 immediate
658 963 789 1029 suberat
810 963 881 1027 usui
904 969 936 1028 et
959 963 1101 1028 dominio
1124 962 1241 1046 prioris
1264 968 1296 1027 et

146 1071 371 1134 canonicorum
404 1069 555 1134 dominici
589 1067 760 1152 sepulchri.
806 1066 962 1133 Similiter
997 1067 1110 1132 civitas
1132 1065 1296 1152 Neapolis,

146 1199 208 1261 que
231 1177 264 1240 in
289 1171 453 1259 evangelio
476 1175 593 1239 dicitur
615 1173 736 1252 Sichar,
759 1173 814 1238 ubi
837 1177 906 1238 erat
929 1179 1044 1258 puteus
1065 1171 1183 1252 Jacob,
1207 1173 1297 1237 iuxta

148 1303 244 1366 quem
266 1281 391 1346 loculus
419 1286 466 1344 est
488 1277 599 1344 ihesus
622 1278 748 1343 mulieri
773 1277 989 1357 Samaritano,
1022 1277 1125 1342 caruit
1148 1277 1296 1360 episcopo

146 1386 386 1471 etpertinebat
408 1385 447 1450 ad
470 1385 609 1468 priorem
632 1385 664 1448 et
687 1383 853 1448 canonicos
876 1382 1028 1448 dominici
1050 1381 1228 1466 sepulchri,
1259 1383 1296 1447 de

145 1491 261 1576 quibus
284 1489 429 1555 fecerunt
451 1489 513 1554 sibi
536 1492 568 1554 et
592 1488 701 1553 multis
724 1488 917 1572 pauperibus
947 1487 1159 1572 provisionem
1183 1489 1216 1551 in
1240 1510 1295 1552 ne·

144 1593 324 1662 cessariis².
1011 1655 1013 1659 ,

205 1701 253 1766 De
276 1701 386 1765 ordine
409 1704 442 1764 et
464 1699 588 1783 origine
610 1697 869 1779 Johannitarum,
893 1700 931 1764 de
954 1721 1063 1764 eorum
1086 1698 1237 1782 hospitali

451 1805 483 1869 in
506 1808 616 1870 sancta
639 1805 769 1870 civitate
791 1803 996 1871 Iherusalem.

237 1909 317 1976 Cum
340 1911 442 1977 adbuc
464 1915 573 1975 saneta
595 1911 708 1976 civitas
730 1912 790 1975 snb
812 1909 1056 1976 Sarracenornm
1080 1908 1220 1974 dominio
1242 1909 1295 1973 de-

149 2020 314 2081 teneretnr
338 2016 381 2100 [p.
397 2013 474 2098 318]
500 2066 507 2080 .
531 2066 538 2082 .
564 2064 572 2080 .
596 2015 682 2080 venit
706 2015 835 2100 qnidam
859 2016 897 2079 de
918 2013 1128 2080 Lombardis³
1152 2035 1224 2079 oum
1247 2033 1296 2077 ce·

151 2121 230 2186 teris
253 2120 497 2198 mercatoribus,
532 2122 714 2186 accedentes
735 2121 923 2206 principem,
958 2124 991 2185 et
1013 2119 1144 2185 redditis
1167 2119 1297 2183 tributis

148 2225 436 2310 superaddiderunt
457 2247 591 2290 munera
614 2231 646 2290 et
668 2227 713 2292 sic
735 2227 914 2310 principem
938 2226 1121 2292 benevolum
1146 2225 1190 2288 eis
1213 2221 1296 2288 fece·

147 2334 235 2394 runt.
282 2328 337 2394 flii
358 2330 399 2394 ab
421 2351 458 2395 eo
479 2329 697 2411 obtinuerunt,
720 2334 757 2396 ut
780 2333 812 2396 in
829 2331 949 2396 honore
973 2333 1063 2395 beate
1080 2328 1181 2394 Mario
1197 2349 1296 2412 prope

149 2435 314 2500 ecclesiam
344 2435 494 2500 dominici
524 2435 705 2520 sepulchri,
741 2439 895 2522 quantum
920 2437 1019 2502 iactus
1054 2435 1149 2500 unius
1172 2433 1296 2517 lapidis,

150 2540 314 2605 ecclesiam
331 2539 518 2604 Latinorum
535 2545 766 2621 construerent,
790 2563 826 2607 eo
843 2543 926 2626 quod
942 2539 1070 2606 Suriaci
1093 2540 1192 2604 ritum
1215 2537 1294 2603 Gre-

147 2667 258 2712 corum
283 2647 314 2710 iu
339 2645 505 2711 dominicis
534 2645 648 2711 officiis
678 2647 806 2730 penitus
835 2646 1063 2724 observabant,
1093 2644 1176 2709 unde
1199 2662 1297 2726 usque

146 2750 242 2816 hodie
265 2750 382 2814 dicitur
405 2750 536 2816 eeclesia
556 2757 665 2817 sancte
690 2751 789 2816 Marie
812 2753 850 2816 de
866 2751 982 2816 Latina
997 2751 1018 2815 ⁴.
1067 2751 1108 2816 Et
1130 2750 1163 2812 in
1189 2747 1297 2813 eadem

148 2855 302 2921 Latinum
326 2855 476 2921 abbatem
499 2861 531 2920 et
553 2858 741 2937 monachos,
765 2879 852 2923 more
876 2855 1064 2922 Latinorum
1087 2853 1194 2920 divina
1215 2853 1297 2918 cele·

150 2961 291 3038 brantes,
316 2961 535 3026 instituerunt.
582 2960 738 3046 Tempore
764 2984 838 3027 vero
861 2963 1051 3046 procedente
1077 2959 1296 3036 obtinuerunt,

222 3135 234 3187 l
255 3131 310 3188 Der
329 3134 523 3205 gloclrenturm
542 3135 627 3189 stand
646 3070 756 3190 damella
774 3135 845 3192 noch
866 3152 939 3205 gana
959 3135 1015 3189 arnd
1034 3134 1114 3189 batte
1133 3133 1204 3188 auch
1223 3131 1297 3188 aeine

151 3220 241 3290 spitze
260 3221 338 3282 noch,
356 3237 414 3275 was
432 3222 504 3276 auch
522 3237 572 3276 aas
590 3221 640 3276 der
653 3221 826 3292 bomerknng
844 3221 939 3278 Fabris
953 3221 987 3286 ll,
1001 3221 1043 3287 90,
1063 3239 1136 3291 gena
1150 3219 1298 3277 besonders

149 3310 218 3364 aber
245 3325 296 3364 aus
323 3308 372 3363 der
399 3308 509 3364 ansicht
537 3309 587 3364 der
605 3309 803 3380 grabeslrirehe
832 3310 874 3364 bei
899 3309 1091 3365 Breidenbach
1117 3307 1297 3377 bervorgeht.

149 3385 225 3450 Uber
244 3395 289 3451 dis
303 3395 358 3452 aeit
376 3397 425 3452 der
443 3396 590 3466 erbaunng
608 3396 656 3452 des
669 3401 773 3454 tarmes
793 3397 875 3454 sowie
895 3397 962 3465 iiber
980 3395 1034 3450 den
1047 3394 1217 3452 baumeister
1237 3394 1297 3450 des·

149 3483 247 3539 selben
265 3500 286 3538 s.
305 3483 388 3556 Sepp,
407 3484 462 3540 Jer.
481 3485 579 3550 1‚459.
618 3483 803 3542 Bekanntlich
821 3486 995 3555 gestetteten
1014 3483 1059 3538 die
1078 3482 1298 3538 llubarnedaner

150 3571 216 3627 kein
243 3570 489 3641 gloclrengelantm
517 3571 589 3626 nach
613 3570 893 3628 estrumentum
916 3571 1018 3642 Jedoch
1046 3569 1091 3626 die
1108 3570 1224 3625 mosche
1251 3569 1299 3624 des

148 3659 268 3716 klosters
288 3657 342 3713 Der
361 3657 507 3723 Macarius,
526 3657 576 3713 das
595 3659 656 3713 eine
676 3659 799 3729 tegreise
817 3657 944 3715 westlich
957 3676 1009 3715 von
1023 3658 1162 3713 Alterura
1180 3655 1298 3728 (et-Ter-

148 3763 216 3802 rane
236 3763 282 3801 am
303 3744 391 3801 westl.
410 3762 488 3801 arnae
506 3745 554 3800 des
572 3745 632 3817 Nil)
651 3745 722 3817 liegt
748 3747 804 3801 und
823 3747 895 3802 nach
915 3747 1053 3801 Zdlnhart
1071 3746 1167 3810 (noar.
1187 3744 1297 3800 Maisan.

149 3837 212 3904 314)
230 3833 276 3888 die
294 3833 411 3889 mtnobe
437 3833 485 3890 des
502 3833 623 3889 blusters
643 3835 738 3890 Monte
761 3837 843 3891 santo
870 3833 915 3890 bei
934 3833 1058 3890 Tenedos
1085 3833 1135 3887 das
1153 3831 1232 3886 recht
1250 3848 1298 3900 ge-

147 3922 228 3988 babt,
247 3921 301 3976 mit
319 3921 437 3991 gloclran
455 3939 489 3976 aa
507 3922 612 3978 lacten.
692 3924 709 3977 2
728 3923 798 3978 Dass
816 3921 984 3992 wenigstens
1003 3921 1052 3976 der
1071 3920 1159 3975 rierte
1178 3919 1229 3974 teil
1248 3919 1297 3974 der

148 4005 298 4064 einkdnfte
310 4025 364 4063 voa
377 4005 446 4062 Jefa
463 4007 526 4063 dem
547 4006 623 4078 prior
641 4007 689 4064 dea
707 4009 746 4063 hl.
761 4010 861 4079 grabes
874 4009 1043 4064 dheruissen
1057 4025 1123 4070 war,
1142 4005 1208 4062 teilt
1226 4007 1298 4062 auch

148 4095 258 4158 Toblor,
279 4095 359 4165 Golg.
380 4095 429 4148 517
449 4095 509 4158 mit,
528 4113 583 4152 von
602 4095 699 4152 Siehar
716 4097 843 4168 dagegen
864 4098 942 4153 weiss
962 4115 991 4152 er
1010 4096 1109 4151 nicbts.
1214 4092 1231 4146 8
1251 4093 1298 4149 Be·

149 4181 298 4238 henntlieh
311 4183 465 4252 gestattete
484 4183 533 4239 der
551 4183 647 4238 sultan
661 4184 724 4239 Abu
733 4184 842 4240 Tarnim
853 4183 1047 4240 el·Mustsnsir
1061 4183 1203 4236 mebreren
1217 4181 1298 4236 kaul-

149 4271 245 4326 leaten
272 4285 322 4323 aas
340 4267 441 4323 Amalfi
470 4270 523 4326 den
551 4271 607 4325 bau
631 4271 707 4327 eines
725 4272 848 4342 hospiaea
867 4271 913 4325 fur
931 4271 977 4327 die
996 4267 1179 4325 lateinischen
1199 4267 1298 4338 pilger.

149 4355 214 4426 Vgl.
234 4355 444 4413 lioba-bleisum
464 4357 495 4413 D.
515 4357 586 4429 Pilg.
612 4377 633 4414 s.
652 4359 686 4414 28
705 4377 780 4414 anm.
800 4363 825 4417 6.
911 4361 929 4414 4
957 4358 1036 4414 Dicae
1063 4353 1157 4410 kircha
1174 4372 1233 4410 war
1259 4354 1298 4410 im

145 4444 228 4514 jabre
248 4444 316 4499 loss
335 4443 485 4500 rollandet.
