3062 4938
656 334 698 398 23

97 505 262 589 aliquibus
289 507 538 586 mercatoribus,
574 513 606 572 et
636 507 709 572 dum
738 509 939 594 perciperent
968 533 1025 576 nos
1053 513 1183 578 tendere
1212 515 1252 578 ad

101 614 219 674 terram
244 617 389 677 sanctam
414 618 446 676 et
469 613 506 678 ad
531 613 679 678 standum
695 611 839 679 Venetiis
861 638 961 701 usquc
984 619 1022 682 ad
1046 621 1180 703 tempus,
1203 618 1252 683 la-

98 715 294 781 boraverunt
317 739 396 800 erga
413 719 603 800 gardinnum
619 719 766 802 precibus
788 720 863 800 suis,
887 727 924 786 ut
945 744 1002 787 nos
1017 727 1150 802 teneret,
1173 744 1251 807 quo·

99 842 198 905 nsque
222 821 360 886 vicarius
393 823 523 888 veniret.
571 823 766 908 Respondit,
799 826 883 910 quod
915 827 960 892 eis
988 827 1127 892 libenter
1156 827 1253 892 vellet

96 925 312 1008 complacere,
338 927 393 992 sed
418 949 479 992 non
504 933 614 1012 posset
637 933 771 1013 propter
793 931 1053 1014 prohibitionem.
1099 931 1250 996 Attamen

99 1031 137 1094 nd
163 1052 274 1114 preces
296 1053 408 1096 eorum
423 1032 521 1098 vellet
538 1033 630 1098 nobis
652 1034 727 1098 dare
743 1034 887 1100 litteram
909 1036 947 1100 ad
965 1037 1169 1102 reverendum
1193 1059 1249 1120 pa-

98 1140 183 1200 trem
209 1137 375 1215 vicarium,
399 1138 452 1221 qui
478 1142 556 1216 erat,
580 1143 616 1202 ut
639 1139 814 1219 dicebatur,
838 1138 980 1206 Mantue.

188 1239 231 1304 Ei
263 1241 320 1305 illa
352 1246 444 1306 nocte
477 1243 583 1325 pretio
614 1247 827 1308 mercatorum
859 1245 1078 1329 navigavimus
1102 1245 1251 1312 Paduam.

100 1344 141 1409 lit
157 1345 285 1410 demum
311 1347 342 1428 in
362 1349 429 1410 tota
445 1347 496 1410 via
512 1370 569 1430 per
587 1347 799 1427 Vincentiam,
823 1371 881 1433 per
893 1348 1051 1414 Veronam
1067 1350 1140 1433 plus
1156 1373 1252 1435 quam

100 1449 219 1532 viginti
245 1451 383 1514 miliaria
406 1451 583 1517 alemanico
615 1475 748 1536 parvum
772 1453 981 1538 loquebamur
1002 1459 1113 1520 mutuo
1138 1456 1176 1520 ad
1201 1457 1250 1520 iu-

98 1555 199 1620 vicem
217 1555 322 1619 socius
346 1561 379 1619 et
395 1577 465 1640 ego,
488 1562 522 1620 et
538 1557 628 1642 quasi
643 1558 806 1641 segregati
822 1557 1055 1622 ambulavimus
1070 1580 1151 1622 unus
1167 1564 1251 1640 ante,

93 1659 182 1724 alter
203 1665 290 1724 retro
305 1683 325 1724 a
341 1660 447 1745 longe,
470 1661 619 1726 disiuncti
636 1667 744 1726 mente
768 1666 800 1726 et
815 1683 958 1746 corpore,
982 1664 1029 1728 ita
1044 1667 1150 1728 tamen
1167 1665 1250 1748 quod

98 1768 213 1830 mutuo
249 1786 305 1830 nos
338 1787 462 1849 semper
496 1765 645 1830 vidimus.
691 1765 732 1830 Et
761 1789 857 1851 super
888 1768 1068 1833 huiusmodi
1096 1770 1252 1834 discordia

96 1874 131 1936 et
148 1892 280 1935 rancore
296 1892 383 1935 eram
404 1870 495 1934 valde
512 1871 613 1934 tristis
630 1874 662 1934 et
677 1893 809 1936 merens.
856 1872 898 1936 Et
915 1872 1019 1957 incepi
1038 1874 1142 1964 dolere
1158 1875 1252 1939 corde

94 1977 135 2040 de
157 1977 244 2041 socio
266 1979 414 2058 suscepto
444 1997 668 2054 rememorans,
705 1977 787 2061 quod
811 1977 914 2063 ipsum
938 1999 975 2043 ex
998 1979 1128 2062 speciali
1152 1981 1250 2044 coufi-

95 2081 207 2145 dentia
222 2080 412 2164 recepissem
428 2103 485 2165 pre
500 2081 611 2146 multis
627 2080 700 2146 aliis
716 2081 862 2165 patribus
884 2086 916 2146 et
929 2081 1097 2161 fratribus,
1121 2088 1153 2148 et
1169 2107 1248 2168 quo·

94 2185 190 2250 modo
211 2185 292 2250 mibi
318 2185 515 2268 promisisset
539 2186 725 2250 fidelitatem
748 2191 780 2250 et
795 2187 992 2266 servitutem,
1016 2191 1049 2250 et
1071 2188 1135 2252 iam
1151 2187 1248 2254 decli-

94 2297 218 2370 nasset,
252 2297 286 2354 et
309 2289 370 2354 sibi
395 2290 497 2354 tidelis
520 2295 611 2370 esset,
635 2291 830 2374 providendo
853 2313 886 2356 se
909 2293 1033 2357 occulte
1056 2293 1089 2356 in
1113 2294 1249 2377 singulis

97 2397 284 2462 necessariis
307 2399 339 2459 et
355 2394 436 2458 nihil
459 2395 497 2460 de
520 2417 570 2460 me
586 2401 721 2462 curaret.
771 2397 921 2462 Attamen
938 2399 1109 2480 resumptis
1125 2398 1247 2464 viribus

94 2507 128 2566 et
150 2501 346 2568 confidentia
367 2501 401 2566 in
422 2502 550 2566 domino
573 2502 644 2566 dedi
667 2523 717 2567 me
741 2503 778 2567 ad
797 2504 987 2586 patientiam
1012 2504 1140 2589 [p.12]‚
1163 2527 1249 2570 com·

96 2609 231 2672 mittens
253 2630 305 2672 me
329 2610 361 2670 et
384 2611 489 2671 totum
514 2607 676 2690 negotium
701 2607 758 2672 deo
780 2609 1004 2692 omnipotenti,
1027 2611 1187 2674 confidens
1210 2611 1248 2674 de

95 2734 151 2778 sua
173 2711 340 2788 bonitate,
372 2715 409 2774 nt
439 2733 489 2775 me
512 2711 652 2774 finaliter
683 2732 745 2774 non
771 2713 1016 2797 derelinqueret.
1063 2714 1248 2798 Appropin-

96 2818 273 2902 qnantibus
296 2821 404 2880 autem
426 2835 483 2880 nos
506 2815 652 2880 terminis
676 2813 859 2880 Mantuanis
882 2821 914 2880 et
937 2817 1091 2883 inclinata
1114 2819 1164 2883 die
1188 2841 1247 2903 ego

96 2923 227 3008 alonge
243 2919 406 3006 preterivi,
430 2941 539 2984 errans
562 2920 596 2983 in
612 2919 672 2984 via.
719 2919 819 2985 irruit
842 2920 875 2984 in
897 2944 948 2986 me
963 2922 1096 3005 spiritus
1115 2928 1246 3005 terrens,

95 3033 183 3092 stans
216 3030 344 3106 motus,
380 3029 564 3110 exspectans
595 3025 724 3089 socium.
779 3025 978 3090 Advenieute
1013 3027 1080 3091 dixi
1112 3028 1247 3095 furiose:

100 3133 219 3198 »Miror
243 3133 281 3196 de
304 3131 408 3209 vobis,
439 3131 523 3215 quod
547 3131 635 3214 prius
658 3129 766 3194 fuistis
788 3131 820 3194 in
845 3131 908 3195 ista
930 3135 1035 3210 terra,
1065 3138 1098 3197 et
1120 3135 1248 3218 penitus

96 3238 225 3304 nescitis
241 3239 353 3302 viam«
392 3235 431 3300 Et
443 3237 489 3300 sic
500 3235 628 3318 incepta
648 3235 852 3300 contentione
873 3235 950 3300 satis
963 3241 1074 3302 mutuo
1087 3239 1247 3322 expedivi·

97 3367 166 3409 mus
188 3364 246 3408 nos
269 3342 301 3406 in
319 3341 447 3425 'campis
469 3340 539 3420 soli,
563 3340 621 3405 deo
645 3343 677 3404 et
693 3339 828 3426 dyabolo
844 3341 1038 3406 attendente.
1086 3343 1128 3408 Et
1147 3345 1247 3410 obieci

97 3447 157 3510 sibi
179 3445 304 3530 aliquas
328 3445 543 3525 infidelitates,
567 3467 645 3530 quas
668 3446 761 3510 modo
784 3445 863 3510 mihi
881 3445 1016 3526 lecisset,
1041 3448 1116 3532 quid
1140 3453 1247 3515 sutem

100 3553 136 3615 de
157 3555 263 3616 cetero
285 3551 431 3616 facturus
454 3555 554 3629 esset,
577 3550 740 3615 nescirem.
786 3548 837 3614 Ad
861 3551 919 3616 bec
941 3552 1037 3615 verba
1059 3553 1168 3618 statim
1191 3577 1246 3638 pe·

100 3657 172 3721 tivit
193 3655 358 3720 licentiam
381 3659 413 3719 et
434 3657 668 3740 separationem
691 3657 813 3720 dicens:
841 3655 891 3720 »Si
915 3678 978 3721 non
994 3657 1125 3740 placebo
1148 3661 1247 3740 vobis,

101 3763 178 3826 detis
199 3762 280 3828 mibi
304 3761 466 3826 licentiam
490 3765 522 3826 et
545 3761 699 3826 dimittite
721 3784 772 3826 me
795 3783 951 3826 curreres
1002 3762 1153 3828 Protinus
1181 3787 1246 3828 res-

105 3866 293 3948 pondebam:
321 3865 449 3930 ’Placet
470 3865 551 3930 mihi
566 3888 639 3932 cum
654 3865 780 3950 gaudio,
805 3867 888 3950 quod
903 3868 1093 3952 petivistis«,
1118 3874 1150 3934 et
1171 3870 1246 3932 sub-

102 3970 201 4035 iunxi:
237 3969 343 4034 »Dum
366 3972 603 4054 pervenerimus
626 3970 667 4034 ad
691 3976 901 4052 conventum,
933 3972 1005 4037 volo
1029 3973 1117 4038 vobis
1140 3993 1247 4037 coram

104 4075 245 4158 patribus
267 4075 366 4160 loqui,
389 4080 426 4140 ut
449 4079 481 4140 et
503 4075 566 4160 ipsi
589 4075 693 4140 sciant
709 4097 835 4141 causam
851 4077 1089 4161 separationis«
1139 4077 1180 4140 Et
1202 4077 1247 4142 sic

104 4181 336 4246 ambulantibus
370 4182 460 4246 nobis
491 4183 524 4246 in
559 4203 690 4246 rancore
712 4182 843 4246 silentes
865 4183 953 4248 venit
975 4203 1058 4244 nova
1079 4181 1247 4247 tribulatio

106 4305 193 4370 super
204 4285 457 4352 tribulationem.
492 4285 577 4352 Nam
594 4285 738 4352 homines
752 4293 953 4354 occurrentes
969 4285 1133 4351 dicebant:
1156 4287 1246 4366 »Quo

10 4393 11 4476 J
109 4391 219 4457 vultis?
241 4389 320 4456 Sero
336 4397 393 4472 est,
409 4399 440 4458 et
457 4392 546 4458 nullo
560 4393 653 4458 modo
666 4393 928 4459 intromittemini
939 4389 1103 4458 civitatem
1114 4399 1247 4478 propter
