3054 4944
686 347 750 416 283

139 524 186 615 [p.
211 528 291 612 253]
317 575 325 592 .
349 577 356 592 .
382 575 390 594 .
414 526 508 593 hodie
529 526 689 611 reperitur
710 547 807 610 super
831 525 952 606 locum,
976 523 1031 588 ubi
1051 524 1219 590 crucifixus
1241 530 1290 590 est

138 632 294 713 dominus,
318 632 377 698 hoe
400 631 434 696 in
456 653 552 717 greca
573 631 684 697 littera
705 632 878 716 seriptum:
912 629 1030 698 Otheos
1053 630 1288 696 basilensismon

138 759 310 822 proseonas
333 736 453 822 Ergasa
474 735 635 822 Sopthyas
658 735 815 803 Emosotis
839 735 905 802 Gis.
953 735 994 800 Et
1025 737 1196 819 exponitur
1228 735 1289 800 sio:

137 841 257 908 Otheos
286 842 308 908 i.
332 863 358 906 e.
382 841 435 906 hic
457 841 543 922 deus,
566 841 619 906 hio
638 841 870 927 personaliter,
894 839 1112 905 Baliseosmon
1135 841 1154 903 i.
1183 862 1208 907 e.
1234 863 1289 904 rex

138 951 257 1027 noster,
280 945 456 1012 Proseonas
478 946 499 1010 i.
524 968 549 1014 e.
573 951 647 1012 ants
669 947 791 1026 secula,
822 945 942 1030 Ergase
964 945 985 1010 i.
1009 967 1035 1009 e.
1060 949 1209 1029 operatus
1232 955 1289 1024 est,

139 1051 302 1138 Sopthyas
316 1053 337 1116 i.
355 1073 382 1116 e.
398 1051 543 1132 salutem,
567 1049 726 1116 Emosotis
748 1051 769 1117 i.
787 1072 813 1116 e.
837 1051 871 1115 in
887 1051 1001 1129 medio,
1025 1047 1082 1114 Gis
1097 1049 1118 1114 i.
1135 1071 1160 1114 e.
1177 1053 1262 1113 terre
1278 1049 1287 1085 ¹

139 1209 146 1224 .
170 1209 178 1224 .
204 1208 211 1224 .
237 1157 284 1241 [p.
308 1157 388 1240 255]
412 1205 421 1221 .
446 1206 454 1222 .
478 1204 486 1220 .
511 1161 543 1221 et
565 1157 626 1220 iste
647 1156 752 1236 locus,
780 1155 835 1220 ubi
860 1154 1010 1220 Christus
1028 1154 1120 1218 stetit
1142 1153 1175 1218 in
1199 1175 1290 1219 oruoe

137 1261 291 1343 elevatus,
317 1266 365 1328 est
387 1262 421 1326 in
442 1260 513 1326 loeo
528 1259 673 1326 Oalvarie
696 1265 728 1326 et
750 1261 784 1325 in
809 1261 929 1344 templo
953 1260 1101 1325 dominici
1118 1259 1289 1343 sepulchri,

138 1369 171 1432 et
192 1372 268 1432 sunt
290 1367 408 1432 ibidem
431 1365 574 1450 plenarie
596 1363 831 1450 indulgentie².

217 1472 264 1557 [p.
289 1470 371 1559 256]
395 1471 443 1536 De
465 1471 545 1550 loeo,
568 1471 621 1535 ubi
637 1469 765 1556 =Joseph
788 1475 821 1536 et
843 1467 1035 1535 Nicodamus
1057 1474 1217 1534 unxerunt

591 1595 705 1659 eorpus
728 1573 833 1641 ihesu.

224 1731 232 1746 .
257 1732 265 1747 .
290 1731 297 1746 .
322 1687 354 1746 et
377 1681 473 1760 loeus,
497 1679 553 1744 ubi
575 1679 703 1746 ihesum
726 1681 772 1747 sio
793 1685 964 1765 aptarunt,
988 1685 1034 1745 est
1057 1681 1090 1744 in
1113 1681 1217 1764 primo
1240 1682 1289 1745 in·

138 1807 250 1869 gressu
273 1785 386 1869 templi
409 1785 560 1850 dominici
581 1784 758 1869 sepulchri,
781 1789 814 1850 et
837 1785 935 1850 distet
959 1785 1078 1870 absque
1107 1785 1176 1850 fara
1198 1808 1217 1848 a
1239 1807 1287 1850 se-

137 1891 275 1975 pulchro
298 1891 435 1976 triginta
456 1910 581 1974 passus;
605 1895 637 1955 et
660 1890 838 1974 dependent
862 1889 907 1954 ibi
931 1889 1059 1974 empulo
1081 1895 1163 1969 osto,
1186 1894 1218 1954 et
1240 1891 1287 1953 vi-

137 1997 256 2061 sitatm
271 2019 290 2060 a
305 1995 484 2082 peregrinis
506 2001 539 2060 ot
561 1999 609 2059 est
632 1995 677 2060 ibi
692 1994 838 2079 plenaria
853 1993 996 2060 remissio
1012 1995 1155 2060 omnium
1177 2016 1288 2079 peona-

136 2105 242 2168 torum
256 2101 281 2167 ⁸.

135 2329 234 2398 steigi.
254 2327 311 2382 und
330 2327 361 2382 in
378 2325 482 2381 welahe
500 2324 545 2380 dis
562 2325 700 2382 tradition
719 2326 773 2380 den
790 2329 836 2382 ort
854 2327 971 2396 verlegt,
990 2343 1033 2383 wo
1053 2326 1143 2381 Maria
1156 2327 1286 2382 wahrend

138 2417 188 2470 der
208 2414 376 2485 annaglung
400 2413 474 2468 ihrer
498 2413 597 2469 sohnss
616 2413 773 2483 gestaaden
791 2413 885 2469 haben
912 2415 973 2472 soll.
1011 2415 1048 2469 Zu
1069 2414 1213 2470 Walthers
1232 2413 1287 2470 neit

136 2501 280 2558 existierte
297 2500 373 2558 diese
390 2500 503 2570 hapella
521 2501 593 2556 nooh
612 2501 697 2556 nieht.
735 2501 814 2558 root.
836 2501 917 2572 Gorg.
936 2503 988 2558 373
1008 2502 1036 2558 ff.

209 2591 220 2644 l
241 2589 326 2644 Fabri
345 2588 365 2653 1,
386 2589 437 2645 343
456 2590 474 2644 f.
494 2589 573 2644 fahrt
591 2589 666 2645 disse
683 2589 816 2644 insobrift
834 2590 906 2646 auch
924 2607 977 2656 an,
1006 2595 1072 2662 sagt
1100 2593 1167 2647 aber
1185 2591 1287 2654 daron.

136 2679 201 2733 dass
219 2694 250 2732 er
269 2677 309 2732 sis
327 2677 414 2732 salbst
432 2678 566 2747 gesehen,
593 2678 659 2735 oder
678 2678 742 2733 dass
760 2678 799 2734 sie
827 2697 860 2733 an
877 2678 968 2734 seinar
995 2679 1050 2734 aeit
1068 2675 1139 2734 noch
1158 2678 1222 2734 dort
1240 2696 1287 2748 ge·

134 2765 264 2830 standen,
284 2764 383 2828 niohts,
402 2765 522 2821 sondern
534 2766 637 2821 droant
650 2766 709 2822 sieh
726 2785 757 2822 so
772 2783 836 2821 aus:
855 2765 944 2836 Super
956 2767 1048 2822 locum
1062 2783 1135 2832 vero,
1154 2766 1203 2820 nbi
1222 2784 1288 2821 crux

134 2855 190 2907 tixa
208 2851 273 2915 fuit,
293 2851 428 2922 scriptum
446 2868 504 2907 esse
522 2852 591 2907 dicit
609 2853 745 2923 Magister
764 2852 793 2907 in
812 2851 919 2923 Specul.
939 2852 1005 2907 hist.
1023 2853 1077 2908 sio:
1096 2851 1220 2908 OTheos
1232 2852 1251 2907 i.
1265 2869 1287 2908 o.

136 2939 217 2996 Deus.
255 2939 387 2994 Basilsws
413 2937 490 2995 imon
514 2939 531 2992 i.
552 2943 766 2997 enormiter.
802 2940 856 2998 Pro
877 2958 966 2998 aenon
985 2941 1002 2994 i.
1022 2958 1044 2996 e.
1073 2943 1141 2996 anta
1167 2943 1288 2998 saeonla,

139 3027 243 3096 Ergase
260 3025 280 3081 i.
298 3041 322 3080 e.
340 3027 472 3096 operatus
491 3027 548 3090 est,
578 3025 652 3081 feeit.
689 3024 806 3096 Sophias
823 3027 841 3080 i.
861 3043 885 3081 e.
903 3027 1034 3084 salntem.
1073 3029 1113 3083 En
1133 3045 1208 3085 mero
1226 3028 1245 3084 i.
1264 3047 1286 3086 a.

134 3114 163 3168 in
182 3111 283 3169 medio.
319 3111 411 3183 'l'isgis
428 3112 446 3168 i.
463 3129 485 3168 e.
501 3115 599 3168 terrae.
638 3113 1288 3188 AnohnaehToblersangeben((iolg.2‘16f.)

136 3206 209 3256 ware
227 3217 257 3256 es
269 3199 509 3269 wahrseheinliah,
527 3202 592 3256 dass
610 3219 643 3255 zu
661 3201 807 3257 Walthers
818 3202 874 3258 neit
885 3201 959 3258 diosa
972 3201 1102 3258 insohrift
1118 3203 1197 3258 nieht
1209 3204 1288 3260 mehr

137 3287 299 3344 vorhanden
310 3304 376 3344 war.
405 3287 508 3346 Jedooh
522 3289 650 3344 erwdhnt
662 3290 734 3344 anob
746 3289 786 3346 St.
799 3289 922 3345 Brasoha
939 3290 1006 3346 1480
1018 3289 1147 3347 diesetbe.
1176 3291 1288 3348 Sahet'er

136 3373 269 3431 XXXVII
287 3375 423 3432 schreibt:
451 3377 489 3433 Le
507 3379 584 3434 texts
601 3377 635 3434 de
653 3395 695 3432 ses
716 3377 894 3448 inscriptions
922 3378 982 3434 doit
999 3380 1059 3433 etro
1077 3377 1149 3433 ainsi
1168 3379 1288 3443 retabli:

136 3465 164 3519 '0
182 3465 251 3530 esee
272 3466 398 3530 βασιλέων
416 3469 488 3534 ἡμῶν
506 3469 570 3532 πρὸς
588 3471 684 3532 αἰῶνας
697 3469 795 3534 ἔργοισι
805 3471 933 3534 σωτηρίαν
951 3469 979 3519 ἐν
991 3470 1062 3534 μέσῳ
1075 3475 1121 3535 τῆς
1139 3474 1199 3537 γῆς.
1236 3468 1288 3524 Die

135 3553 256 3624 richtige
274 3554 378 3610 lereart
395 3553 490 3609 ddrite
507 3555 580 3610 sein:
606 3556 635 3609 ‘0
654 3557 720 3621 Θεῦς
738 3559 856 3622 βασιλεὺς
874 3559 947 3624 ἡμῶν
966 3558 1016 3622 πρὸ
1036 3559 1130 3620 αἰῶνος
1148 3562 1287 3628 εἰργάσατο

134 3647 264 3712 σωτηρίαν
291 3647 319 3697 ἰν
347 3647 417 3711 μίσφ
439 3649 488 3710 τῆς
504 3649 562 3712 γῆς.
670 3641 769 3697 eviel
789 3642 992 3698 ensidhrliehsr
1018 3643 1178 3700 besohreibt
1202 3643 1285 3700 Fabri

136 3731 156 3794 1,
175 3731 228 3785 298
240 3729 270 3785 ff.
288 3729 335 3784 die
346 3729 459 3800 hapells
477 3729 526 3785 der
539 3729 776 3799 kreuaerhdhung.
814 3729 868 3785 Der
881 3730 1001 3786 austand
1019 3731 1057 3786 ist
1074 3731 1117 3786 bis
1137 3733 1221 3788 hante
1239 3732 1288 3787 der

133 3816 242 3888 gleichs
260 3815 416 3886 gablieben,
436 3835 489 3872 nur
507 3817 559 3872 hat
577 3817 622 3873 dio
639 3817 776 3875 tradition
796 3817 935 3874 insoferne
956 3819 1137 3889 gsweohaslt‚
1157 3820 1200 3874 als
1219 3837 1285 3874 man

132 3923 166 3959 an
184 3903 284 3960 Febris
302 3905 392 3960 naiton
410 3905 464 3960 den
484 3905 575 3962 »loeus
593 3905 794 3961 crucifixionis«
815 3911 897 3960 antor
926 3905 975 3962 der
992 3907 1104 3978 kapslle
1122 3907 1172 3962 der
1189 3906 1285 3960 trean-

132 3992 288 4062 erhohang,
306 3992 337 4047 in
355 3991 405 4048 der
423 3995 617 4062 sogsnannten
635 3993 853 4063 Adamslrapelle
871 3993 983 4058 snohta,
1002 3994 1134 4050 wthrend
1162 3993 1211 4049 ihn
1240 3995 1285 4050 dia

133 4079 249 4150 tentigo
267 4079 407 4137 tradition
425 4080 514 4136 nebsn
532 4080 577 4136 die
595 4087 699 4137 erstere
716 4081 830 4152 kapells
850 4083 968 4151 verlegt.
1004 4081 1083 4138 'sobL
1096 4081 1177 4151 tiolg.
1190 4082 1243 4137 264
1257 4083 1284 4138 ff.

135 4168 197 4224 Wie
216 4167 286 4224 noch
306 4168 390 4223 bento
402 4168 503 4224 hatten
522 4170 592 4224 auch
611 4169 722 4224 damnis
740 4169 785 4223 die
802 4169 932 4225 Lateiner
950 4169 1005 4224 den
1025 4169 1100 4223 altar
1118 4169 1148 4224 in
1166 4167 1215 4223 der
1234 4187 1283 4224 an-

132 4253 408 4326 negatungskapelle
419 4255 492 4311 inne.
529 4255 610 4312 Siehe
624 4257 694 4313 oben
707 4275 727 4312 s.
744 4259 802 4314 142.
873 4259 890 4313 3
908 4257 1010 4312 Dissen
1024 4255 1110 4326 plata,
1129 4257 1178 4311 der
1192 4257 1283 4325 gleieh

132 4341 206 4398 beirn
224 4342 367 4412 eingsngs
384 4343 414 4397 in
432 4342 477 4399 die
490 4344 687 4414 grabaskirehe
706 4343 784 4414 liegt‚
806 4344 967 4400 beaaiohnet
988 4344 1033 4398 sin
1051 4343 1134 4410 stain,
1153 4345 1204 4400 aut
1221 4345 1287 4399 wel·

134 4428 213 4485 dham
232 4427 282 4486 der
300 4428 365 4484 herr
383 4430 496 4502 garaiht
515 4431 627 4489 worden
645 4433 704 4488 sein
723 4432 782 4490 soll.
819 4431 901 4488 Tobl.
925 4432 1005 4503 Golg.
1024 4431 1076 4488 350
1095 4433 1146 4488 hat
1164 4432 1209 4488 die
1227 4449 1288 4489 var·
