3054 4942
787 309 850 393 174

242 493 280 557 de
295 491 385 558 cuius
396 489 608 576 religiositate
623 489 838 574 etprudentia
850 490 883 556 in
895 490 1037 576 agendis,
1053 489 1218 556 obediendi
1231 487 1388 573 prompti-

242 599 352 663 tudine
374 597 452 662 satie
474 595 555 662 mihi
580 598 713 675 constat,
737 599 847 660 tenore
862 595 1057 680 presentium
1080 595 1127 659 ad·
1141 595 1291 660 meritum
1313 595 1390 660 obe-

242 703 361 768 dientie
383 701 531 766 salutaris
553 701 668 766 mando
690 705 787 785 atque
809 700 969 785 precipio,
1001 703 1037 764 ut
1059 721 1131 765 cum
1153 701 1237 765 socio
1260 722 1317 784 per
1340 722 1391 764 me

242 809 302 874 tibi
318 809 489 894 assignato,
505 805 606 871 fratre
622 805 773 870 videlicet
787 804 910 871 'I'homa
928 806 966 870 de
981 803 1141 886 Oracovia,
1164 810 1292 889 captata
1307 811 1389 870 tam-

244 915 331 999 poris
355 918 387 977 et
403 911 524 995 navigii
540 909 792 995 opportunitate,
813 913 846 973 te
867 909 906 974 ad
930 915 1036 993 partes
1052 909 1189 974 fidelium
1206 909 1390 988 transferas,

242 1023 463 1104 oportunoque
487 1022 629 1100 tempore
653 1014 869 1078 illustrissime
901 1015 1025 1097 prefate
1060 1014 1186 1080 domine
1208 1019 1393 1100 presentare

242 1130 275 1190 te
297 1124 438 1203 studeas,
462 1122 545 1206 apud
569 1121 668 1196 illam,
694 1141 755 1205 que
778 1119 838 1184 libi
860 1141 919 1204 per
940 1141 990 1184 me
1013 1119 1180 1184 commissa
1202 1125 1294 1201 sunt,
1319 1143 1392 1186 exe·

243 1235 391 1309 cuturus,
423 1229 502 1293 dans
534 1227 594 1291 tibi
629 1225 815 1290 facultatem
848 1225 1128 1290 etauctoritatem
1152 1225 1392 1292 commendandi

244 1335 302 1400 hec
324 1333 523 1400 sanctissima
546 1331 616 1397 loca
644 1353 681 1396 ac
702 1352 762 1414 pro
790 1331 834 1396 eis
857 1332 1049 1415 procurandi
1080 1332 1162 1416 apud
1187 1353 1394 1417 quoacunque

243 1443 309 1506 tam
332 1438 478 1524 publicos
501 1458 597 1522 quam
613 1437 754 1519 privatos
770 1435 992 1500 christifideles
1017 1437 1049 1500 in
1064 1437 1210 1521 partibus
1225 1438 1394 1503 dumtaxat

243 1545 501 1618 ultramontanis,
525 1545 696 1624 procurata
718 1562 854 1627 quoque,
878 1547 925 1621 ut,
947 1543 1031 1627 apud
1055 1564 1134 1627 quos
1157 1543 1218 1608 tibi
1235 1543 1394 1627 placuerit

214 1719 216 1724 ,
244 1651 361 1715 amicos
384 1648 577 1732 spirituales,
601 1649 801 1730 deponantur
825 1647 1031 1732 depositaque
1057 1647 1213 1727 leventur,
1237 1653 1270 1712 et
1292 1653 1331 1712 ut
1352 1648 1393 1712 ad

244 1756 308 1820 alia
339 1754 408 1819 loca
434 1775 492 1838 per
513 1753 596 1818 riam
622 1751 763 1818 banchi¹
788 1753 837 1817 vel
859 1752 959 1818 alium
981 1755 1125 1838 quamvis
1147 1754 1232 1818 viam
1254 1753 1393 1818 transfe-

244 1863 373 1939 rantur,
405 1857 589 1937 ordinandi,
622 1859 815 1943 quietantiae
837 1858 991 1938 faciendi,
1016 1863 1048 1924 et
1070 1859 1177 1924 omnia
1200 1865 1233 1924 et
1254 1858 1395 1951 singula,

246 1987 307 2051 que
331 1985 389 2048 ego
413 1965 490 2048 ipse,
514 1963 539 2026 si
556 1963 767 2047 personaliter
782 1964 930 2043 adessem,
953 1963 1057 2029 facere
1073 1985 1207 2048 possem,
1230 1963 1263 2028 in
1280 1962 1392 2028 horum

245 2091 405 2136 sacrorum
421 2071 563 2136 locorum
579 2071 777 2134 commodum
798 2074 831 2134 et
846 2071 1021 2134 utilitatem
1036 2090 1106 2136 aum
1123 2070 1210 2134 omni
1226 2069 1394 2133 honestate
1432 2065 1435 2070 ’

247 2183 279 2240 et
301 2176 423 2260 absque¹
442 2173 576 2238 alieuius
600 2176 763 2254 scandalo,
796 2175 878 2240 sicut
901 2176 939 2240 de
961 2179 994 2239 te
1018 2177 1096 2240 bene
1119 2196 1229 2258 spero,
1263 2193 1395 2257 prorsus

245 2280 370 2366 agendi.
417 2277 560 2363 Cumque
583 2280 708 2344 favente
731 2281 858 2345 domino
878 2281 1007 2365 vitaque
1029 2280 1145 2345 comite
1167 2279 1229 2343 iter
1251 2299 1396 2363 opusque

245 2385 426 2470 perfeceris,
450 2385 487 2448 ad
513 2382 642 2448 ltaliam
665 2367 828 2464 redeundi,
851 2386 937 2449 etin
961 2407 1034 2463 una,
1059 2407 1119 2470 que
1142 2384 1203 2448 tibi
1226 2384 1395 2468 placuerit,

246 2490 339 2555 Italie
362 2489 526 2572 provincia
553 2490 751 2570 remanendi,
783 2491 865 2570 siva,
901 2493 928 2554 si
960 2491 1021 2555 tibi
1054 2494 1184 2574 gratum
1206 2488 1322 2568 fuerit,
1355 2489 1395 2552 ad

247 2597 304 2660 hec
330 2617 419 2660 sacra
443 2593 512 2658 loca
537 2615 607 2658 oum
633 2593 759 2678 prefato
784 2595 868 2661 rocio
899 2596 964 2659 sive
997 2595 1061 2660 alio
1096 2594 1156 2658 tibi
1183 2585 1290 2677 grato,
1313 2593 1395 2677 ydo-

246 2723 305 2766 neo
339 2705 444 2764 tamen
480 2720 538 2782 pro
570 2699 633 2763 hiis
664 2699 762 2764 sacris
791 2700 868 2765 locis
891 2701 1052 2764 redeundi.
1099 2698 1140 2762 llt
1173 2699 1200 2762 si
1235 2697 1320 2764 forte
1342 2719 1394 2762 aa·

246 2805 406 2888 signatum
431 2803 585 2867 infirmari
600 2803 651 2868 vel
674 2804 737 2868 alio
753 2803 988 2887 impedimenta,
1012 2825 1051 2866 ne
1073 2807 1106 2866 te
1122 2803 1266 2868 comitari
1282 2801 1396 2885 possit,

248 2911 329 2994 quod
354 2911 428 2974 deus
451 2913 586 2989 avertat,
609 2908 744 2973 detineri
760 2909 970 2993 contingeret,
993 2908 1092 2972 alium
1115 2929 1171 2972 suo
1194 2905 1274 2987 loco,
1297 2928 1394 2991 quem

247 3036 332 3079 nunc
353 3015 391 3080 de
414 3014 536 3079 familia
570 3019 654 3080 terre
685 3021 792 3081 sancte
815 3015 966 3095 decerno,
1002 3013 1192 3078 assumendi.
1237 3011 1395 3078 Omnibus

247 3121 356 3204 itaque
388 3125 421 3183 et
454 3119 589 3203 singulis
623 3121 769 3202 patribus
803 3142 838 3184 ac
861 3119 1015 3184 fratribus
1048 3121 1115 3183 tam
1149 3119 1251 3184 nostri
1274 3118 1397 3183 ordinis

249 3246 344 3308 quam
366 3224 503 3288 aliorum
530 3224 677 3288 ordinum
700 3225 875 3309 ceterisque
898 3223 1053 3302 fidelibus,
1076 3225 1158 3308 apud
1183 3245 1261 3308 quos
1285 3229 1317 3288 te
1339 3223 1395 3288 de-

248 3328 360 3394 clinari
378 3329 421 3413 [p.
439 3329 495 3410 81]
513 3329 694 3414 eontigerit,
712 3335 872 3414 tamquam
890 3332 1013 3412 patrem
1028 3310 1114 3394 bene'
1124 3329 1272 3394 meritum
1288 3351 1397 3395 amore

248 3435 354 3513 illius,
379 3434 435 3518 qui
457 3454 516 3517 pro
539 3433 642 3498 salute
665 3440 774 3498 nostra
806 3434 838 3497 in
862 3434 922 3498 hac
943 3439 1053 3498 sancta
1076 3439 1162 3500 terra
1188 3434 1338 3520 pependit
1361 3435 1395 3500 in

248 3561 349 3619 cruce,
372 3539 454 3604 facio
477 3541 740 3605 commendatum.
776 3538 856 3604 Vale
879 3541 910 3602 iu
934 3537 1061 3604 Christo
1085 3539 1179 3604 Ihesu
1202 3547 1235 3605 et
1256 3563 1312 3606 ora
1334 3561 1395 3624 pro

249 3647 314 3709 mel
363 3643 451 3708 Datis
475 3645 507 3708 in
530 3645 753 3727 prenominato
776 3666 864 3711 sacro
887 3651 1043 3710 conventu
1069 3646 1185 3711 ruentis
1202 3645 1286 3730 Syon
1310 3668 1394 3711 anno

249 3749 368 3814 domini
393 3749 477 3814 1483
501 3749 692 3814 diedecima
715 3748 825 3815 duliir
874 3749 964 3815 Hanc
987 3751 1239 3816 commissionem
1262 3757 1295 3814 et
1316 3751 1393 3816 obe·

250 3853 400 3918 dientiam
424 3852 566 3938 aliasque
596 3853 722 3919 litteras
745 3857 968 3920 reverentiales
1000 3861 1032 3920 et
1055 3856 1262 3921 credentiales
1286 3856 1395 3940 sigillo

249 3957 297 4022 sui
320 3958 589 4022 commissariatus
612 3961 644 4021 et
667 3959 873 4040 gardiauatua
896 3959 1052 4038 munitas,
1074 3965 1254 4043 spectantes
1276 3962 1315 4026 ad
1338 3983 1392 4026 cu·

250 4063 330 4126 riam
347 4083 506 4127 romanam
531 4065 563 4126 et
585 4063 624 4126 ed
639 4063 791 4127 vicarium
807 4065 985 4148 generalem
1002 4087 1060 4129 nec
1082 4087 1145 4131 non
1160 4067 1232 4130 aliis
1250 4068 1395 4150 patribus

252 4173 284 4232 et
306 4169 448 4251 personis
470 4168 665 4232 secularibus
688 4169 766 4231 mihi
790 4170 984 4234 confidenter
999 4169 1131 4236 tradidit
1153 4171 1186 4235 in
1210 4177 1321 4236 octava
1336 4171 1394 4236 Vi-

815 4302 834 4338 st

322 4391 449 4446 lDurch
468 4394 592 4451 wechsel.
630 4396 693 4466 Vgl.
715 4397 785 4452 Kohl
806 4397 856 4452 138
875 4399 893 4451 f.
931 4397 1012 4452 llohr.
1032 4397 1063 4452 D.
1085 4399 1154 4470 pilg.
1176 4401 1217 4457 10.
