<?xml version="1.0" encoding="UTF-8"?>
<!DOCTYPE html PUBLIC "-//W3C//DTD XHTML 1.0 Transitional//EN"
    "http://www.w3.org/TR/xhtml1/DTD/xhtml1-transitional.dtd">
<html xmlns="http://www.w3.org/1999/xhtml" xml:lang="en" lang="en">
 <head>
  <title>
</title>
<meta http-equiv="Content-Type" content="text/html;charset=utf-8" />
  <meta name='ocr-system' content='tesseract 3.04.00' />
  <meta name='ocr-capabilities' content='ocr_page ocr_carea ocr_par ocr_line ocrx_word'/>
</head>
<body>
  <div class='ocr_page' id='page_1' title='image "./fratrispauliwal01waltgoog_0071.png"; bbox 0 0 3062 4938; ppageno 0'>
   <div class='ocr_carea' id='block_1_1' title="bbox 833 337 876 402">
    <p class='ocr_par' dir='ltr' id='par_1_1' title="bbox 833 337 876 402">
     <span class='ocr_line' id='line_1_1' title="bbox 833 337 876 402; baseline 0 0"><span class='ocrx_word' id='word_1_1' title='bbox 833 337 876 402; x_wconf 89' lang='lat'>50</span> 
     </span>
    </p>
   </div>
   <div class='ocr_carea' id='block_1_2' title="bbox 277 511 1523 3001">
    <p class='ocr_par' dir='ltr' id='par_1_2' title="bbox 277 511 1523 1335">
     <span class='ocr_line' id='line_1_2' title="bbox 278 511 1423 602; baseline -0.003 -22"><span class='ocrx_word' id='word_1_2' title='bbox 278 538 338 602; x_wconf 90' lang='lat' dir='ltr'>que</span> <span class='ocrx_word' id='word_1_3' title='bbox 367 515 507 581; x_wconf 88' lang='lat' dir='ltr'>indelate</span> <span class='ocrx_word' id='word_1_4' title='bbox 530 514 615 579; x_wconf 89' lang='lat' dir='ltr'>exire</span> <span class='ocrx_word' id='word_1_5' title='bbox 639 518 671 579; x_wconf 90' lang='lat' dir='ltr'>et</span> <span class='ocrx_word' id='word_1_6' title='bbox 694 511 874 599; x_wconf 81' lang='lat' dir='ltr'>relinquere</span> <span class='ocrx_word' id='word_1_7' title='bbox 896 514 1012 578; x_wconf 87' lang='lat' dir='ltr'>omnia.</span> <span class='ocrx_word' id='word_1_8' title='bbox 1058 513 1100 578; x_wconf 79' lang='lat' dir='ltr'>ut</span> <span class='ocrx_word' id='word_1_9' title='bbox 1125 512 1250 596; x_wconf 73' lang='lat' dir='ltr'>que-ndo</span> <span class='ocrx_word' id='word_1_10' title='bbox 1275 512 1423 591; x_wconf 86' lang='lat' dir='ltr'>volebat¹</span> 
     </span>
     <span class='ocr_line' id='line_1_3' title="bbox 278 619 1424 705; baseline -0.003 -20"><span class='ocrx_word' id='word_1_11' title='bbox 278 622 399 686; x_wconf 87' lang='lat' dir='ltr'>intrare</span> <span class='ocrx_word' id='word_1_12' title='bbox 422 620 557 705; x_wconf 78' lang='lat' dir='ltr'>galeam,</span> <span class='ocrx_word' id='word_1_13' title='bbox 579 620 670 686; x_wconf 90' lang='lat' dir='ltr'>venit</span> <span class='ocrx_word' id='word_1_14' title='bbox 692 620 731 684; x_wconf 85' lang='lat' dir='ltr'>ed</span> <span class='ocrx_word' id='word_1_15' title='bbox 753 641 804 684; x_wconf 89' lang='lat' dir='ltr'>me</span> <span class='ocrx_word' id='word_1_16' title='bbox 827 624 859 683; x_wconf 90' lang='lat' dir='ltr'>et</span> <span class='ocrx_word' id='word_1_17' title='bbox 882 620 1027 704; x_wconf 72' lang='lat' dir='ltr'>prestitit</span> <span class='ocrx_word' id='word_1_18' title='bbox 1050 619 1271 697; x_wconf 79' lang='lat' dir='ltr'>elemosinam,</span> <span class='ocrx_word' id='word_1_19' title='bbox 1302 639 1424 702; x_wconf 77' lang='lat' dir='ltr'>rogans,</span> 
     </span>
     <span class='ocr_line' id='line_1_4' title="bbox 278 723 1425 810; baseline -0.003 -19"><span class='ocrx_word' id='word_1_20' title='bbox 278 732 314 791; x_wconf 90' lang='lat' dir='ltr'>ut</span> <span class='ocrx_word' id='word_1_21' title='bbox 337 727 430 792; x_wconf 91' lang='lat' dir='ltr'>deum</span> <span class='ocrx_word' id='word_1_22' title='bbox 453 747 576 790; x_wconf 89' lang='lat' dir='ltr'>orarem</span> <span class='ocrx_word' id='word_1_23' title='bbox 599 747 658 810; x_wconf 89' lang='lat' dir='ltr'>pro</span> <span class='ocrx_word' id='word_1_24' title='bbox 680 725 765 809; x_wconf 79' lang='lat' dir='ltr'>ipso,</span> <span class='ocrx_word' id='word_1_25' title='bbox 798 729 830 788; x_wconf 93' lang='lat' dir='ltr'>et</span> <span class='ocrx_word' id='word_1_26' title='bbox 851 725 1036 790; x_wconf 83' lang='lat' dir='ltr'>subiunxit:</span> <span class='ocrx_word' id='word_1_27' title='bbox 1070 723 1227 804; x_wconf 82' lang='lat' dir='ltr'>›Scitote,</span> <span class='ocrx_word' id='word_1_28' title='bbox 1262 724 1425 810; x_wconf 79' lang='lat' dir='ltr'>quodne,</span> 
     </span>
     <span class='ocr_line' id='line_1_5' title="bbox 277 827 1424 913; baseline -0.004 -17"><span class='ocrx_word' id='word_1_29' title='bbox 277 832 350 896; x_wconf 92' lang='lat' dir='ltr'>dum</span> <span class='ocrx_word' id='word_1_30' title='bbox 382 830 569 912; x_wconf 79' lang='lat' dir='ltr'>reveniatis,</span> <span class='ocrx_word' id='word_1_31' title='bbox 603 851 666 894; x_wconf 88' lang='lat' dir='ltr'>non</span> <span class='ocrx_word' id='word_1_32' title='bbox 691 830 857 913; x_wconf 89' lang='lat' dir='ltr'>reperietis</span> <span class='ocrx_word' id='word_1_33' title='bbox 891 830 948 894; x_wconf 87' lang='lat' dir='ltr'>deo</span> <span class='ocrx_word' id='word_1_34' title='bbox 982 829 1188 896; x_wconf 76' lang='lat' dir='ltr'>auxiliante«</span> <span class='ocrx_word' id='word_1_35' title='bbox 1237 829 1279 894; x_wconf 87' lang='lat' dir='ltr'>Et</span> <span class='ocrx_word' id='word_1_36' title='bbox 1310 827 1424 893; x_wconf 86' lang='lat' dir='ltr'>intravi</span> 
     </span>
     <span class='ocr_line' id='line_1_6' title="bbox 278 933 1425 1020; baseline -0.003 -18"><span class='ocrx_word' id='word_1_37' title='bbox 278 959 366 1002; x_wconf 87' lang='lat' dir='ltr'>mere</span> <span class='ocrx_word' id='word_1_38' title='bbox 389 941 422 1001; x_wconf 89' lang='lat' dir='ltr'>et</span> <span class='ocrx_word' id='word_1_39' title='bbox 444 936 550 1002; x_wconf 88' lang='lat' dir='ltr'>nescio</span> <span class='ocrx_word' id='word_1_40' title='bbox 573 935 727 1020; x_wconf 85' lang='lat' dir='ltr'>amplius,</span> <span class='ocrx_word' id='word_1_41' title='bbox 758 937 834 1020; x_wconf 90' lang='lat' dir='ltr'>quid</span> <span class='ocrx_word' id='word_1_42' title='bbox 858 936 901 1000; x_wconf 89' lang='lat' dir='ltr'>sit</span> <span class='ocrx_word' id='word_1_43' title='bbox 923 935 1042 1002; x_wconf 84' lang='lat' dir='ltr'>facturn</span> <span class='ocrx_word' id='word_1_44' title='bbox 1066 957 1138 1001; x_wconf 90' lang='lat' dir='ltr'>cum</span> <span class='ocrx_word' id='word_1_45' title='bbox 1161 933 1228 1000; x_wconf 89' lang='lat' dir='ltr'>iilo.</span> <span class='ocrx_word' id='word_1_46' title='bbox 1276 935 1425 998; x_wconf 80' lang='lat' dir='ltr'>Attamen</span> 
     </span>
     <span class='ocr_line' id='line_1_7' title="bbox 277 1039 1426 1124; baseline -0.004 -17"><span class='ocrx_word' id='word_1_47' title='bbox 277 1043 365 1107; x_wconf 91' lang='lat' dir='ltr'>dico:</span> <span class='ocrx_word' id='word_1_48' title='bbox 395 1042 423 1105; x_wconf 87' lang='lat' dir='ltr'>si</span> <span class='ocrx_word' id='word_1_49' title='bbox 446 1063 510 1106; x_wconf 92' lang='lat' dir='ltr'>non</span> <span class='ocrx_word' id='word_1_50' title='bbox 533 1040 773 1124; x_wconf 89' lang='lat' dir='ltr'>assumpsiseem</span> <span class='ocrx_word' id='word_1_51' title='bbox 796 1039 875 1103; x_wconf 91' lang='lat' dir='ltr'>mihi</span> <span class='ocrx_word' id='word_1_52' title='bbox 899 1040 1029 1104; x_wconf 87' lang='lat' dir='ltr'>visitare</span> <span class='ocrx_word' id='word_1_53' title='bbox 1053 1046 1171 1104; x_wconf 85' lang='lat' dir='ltr'>terrem</span> <span class='ocrx_word' id='word_1_54' title='bbox 1194 1043 1346 1118; x_wconf 78' lang='lat' dir='ltr'>sanctem,</span> <span class='ocrx_word' id='word_1_55' title='bbox 1370 1059 1426 1122; x_wconf 81' lang='lat' dir='ltr'>ego</span> 
     </span>
     <span class='ocr_line' id='line_1_8' title="bbox 278 1143 1523 1231; baseline -0.002 -20"><span class='ocrx_word' id='word_1_56' title='bbox 278 1147 463 1231; x_wconf 80' lang='lat' dir='ltr'>recepissem</span> <span class='ocrx_word' id='word_1_57' title='bbox 495 1168 565 1211; x_wconf 90' lang='lat' dir='ltr'>eum</span> <span class='ocrx_word' id='word_1_58' title='bbox 591 1149 724 1229; x_wconf 90' lang='lat' dir='ltr'>propter</span> <span class='ocrx_word' id='word_1_59' title='bbox 746 1143 874 1209; x_wconf 89' lang='lat' dir='ltr'>Ihesum</span> <span class='ocrx_word' id='word_1_60' title='bbox 898 1145 936 1209; x_wconf 90' lang='lat' dir='ltr'>ad</span> <span class='ocrx_word' id='word_1_61' title='bbox 961 1167 1087 1210; x_wconf 85' lang='lat' dir='ltr'>menum</span> <span class='ocrx_word' id='word_1_62' title='bbox 1114 1167 1216 1209; x_wconf 84' lang='lat' dir='ltr'>meam</span> <span class='ocrx_word' id='word_1_63' title='bbox 1239 1147 1270 1209; x_wconf 91' lang='lat' dir='ltr'>et</span> <span class='ocrx_word' id='word_1_64' title='bbox 1292 1166 1358 1208; x_wconf 92' lang='lat' dir='ltr'>non</span> <span class='ocrx_word' id='word_1_65' title='bbox 1381 1143 1426 1208; x_wconf 93' lang='lat' dir='ltr'>di·</span> <span class='ocrx_word' id='word_1_66' title='bbox 1522 1143 1523 1198; x_wconf 76' lang='grc' dir='ltr'>ἶ</span> 
     </span>
     <span class='ocr_line' id='line_1_9' title="bbox 278 1241 1523 1335; baseline -0.006 -19"><span class='ocrx_word' id='word_1_67' title='bbox 278 1253 431 1316; x_wconf 80' lang='lat' dir='ltr'>misissem</span> <span class='ocrx_word' id='word_1_68' title='bbox 446 1273 527 1330; x_wconf 74' lang='lat' dir='ltr'>eum,</span> <span class='ocrx_word' id='word_1_69' title='bbox 544 1251 644 1316; x_wconf 89' lang='lat' dir='ltr'>donec</span> <span class='ocrx_word' id='word_1_70' title='bbox 653 1251 765 1315; x_wconf 85' lang='lat' dir='ltr'>fuisset</span> <span class='ocrx_word' id='word_1_71' title='bbox 777 1251 977 1316; x_wconf 89' lang='lat' dir='ltr'>introductus</span> <span class='ocrx_word' id='word_1_72' title='bbox 992 1251 1031 1316; x_wconf 87' lang='lat' dir='ltr'>ad</span> <span class='ocrx_word' id='word_1_73' title='bbox 1045 1251 1138 1326; x_wconf 73' lang='lat' dir='ltr'>ovile,</span> <span class='ocrx_word' id='word_1_74' title='bbox 1154 1251 1192 1315; x_wconf 91' lang='lat' dir='ltr'>de</span> <span class='ocrx_word' id='word_1_75' title='bbox 1213 1271 1276 1335; x_wconf 89' lang='lat' dir='ltr'>quo</span> <span class='ocrx_word' id='word_1_76' title='bbox 1293 1250 1393 1314; x_wconf 86' lang='lat' dir='ltr'>exivit</span> <span class='ocrx_word' id='word_1_77' title='bbox 1405 1246 1427 1313; x_wconf 72' lang='lat'>³.</span> <span class='ocrx_word' id='word_1_78' title='bbox 1522 1241 1523 1308; x_wconf 77' lang='lat' dir='ltr'>i</span> 
     </span>
    </p>

    <p class='ocr_par' dir='ltr' id='par_1_3' title="bbox 278 1354 1523 3001">
     <span class='ocr_line' id='line_1_10' title="bbox 367 1354 1429 1440; baseline -0.004 -19"><span class='ocrx_word' id='word_1_79' title='bbox 367 1357 428 1422; x_wconf 89' lang='lat' dir='ltr'>Per</span> <span class='ocrx_word' id='word_1_80' title='bbox 451 1361 552 1422; x_wconf 89' lang='lat' dir='ltr'>totam</span> <span class='ocrx_word' id='word_1_81' title='bbox 576 1358 706 1421; x_wconf 83' lang='lat' dir='ltr'>eandem</span> <span class='ocrx_word' id='word_1_82' title='bbox 729 1355 1010 1440; x_wconf 78' lang='lat' dir='ltr'>Quadragesimam</span> <span class='ocrx_word' id='word_1_83' title='bbox 1032 1356 1208 1440; x_wconf 82' lang='lat' dir='ltr'>predicavit</span> <span class='ocrx_word' id='word_1_84' title='bbox 1240 1354 1429 1419; x_wconf 90' lang='lat' dir='ltr'>reverendus</span> 
     </span>
     <span class='ocr_line' id='line_1_11' title="bbox 280 1457 1523 1548; baseline -0.004 -22"><span class='ocrx_word' id='word_1_85' title='bbox 280 1469 371 1548; x_wconf 85' lang='lat' dir='ltr'>pater</span> <span class='ocrx_word' id='word_1_86' title='bbox 388 1463 524 1528; x_wconf 82' lang='lat' dir='ltr'>vicarius</span> <span class='ocrx_word' id='word_1_87' title='bbox 547 1462 709 1546; x_wconf 82' lang='lat' dir='ltr'>provincie</span> <span class='ocrx_word' id='word_1_88' title='bbox 731 1462 833 1526; x_wconf 88' lang='lat' dir='ltr'>sancti</span> <span class='ocrx_word' id='word_1_89' title='bbox 858 1462 1000 1540; x_wconf 82' lang='lat' dir='ltr'>Antonii,</span> <span class='ocrx_word' id='word_1_90' title='bbox 1022 1461 1124 1526; x_wconf 87' lang='lat' dir='ltr'>frater</span> <span class='ocrx_word' id='word_1_91' title='bbox 1140 1458 1324 1525; x_wconf 83' lang='lat' dir='ltr'>Franciscus</span> <span class='ocrx_word' id='word_1_92' title='bbox 1341 1457 1428 1544; x_wconf 83' lang='lat' dir='ltr'>Ray·</span> <span class='ocrx_word' id='word_1_93' title='bbox 1522 1521 1523 1538; x_wconf 30' lang='lat'>2</span> 
     </span>
     <span class='ocr_line' id='line_1_12' title="bbox 280 1539 1523 1649; baseline -0.006 -17"><span class='ocrx_word' id='word_1_94' title='bbox 280 1569 433 1649; x_wconf 85' lang='lat' dir='ltr'>mundus,</span> <span class='ocrx_word' id='word_1_95' title='bbox 456 1567 597 1631; x_wconf 88' lang='lat' dir='ltr'>Venetus</span> <span class='ocrx_word' id='word_1_96' title='bbox 629 1567 668 1632; x_wconf 89' lang='lat' dir='ltr'>de</span> <span class='ocrx_word' id='word_1_97' title='bbox 703 1565 843 1646; x_wconf 76' lang='lat' dir='ltr'>Gent0⁸‚</span> <span class='ocrx_word' id='word_1_98' title='bbox 882 1567 914 1630; x_wconf 91' lang='lat' dir='ltr'>in</span> <span class='ocrx_word' id='word_1_99' title='bbox 949 1570 1106 1632; x_wconf 89' lang='lat' dir='ltr'>conventu</span> <span class='ocrx_word' id='word_1_100' title='bbox 1137 1565 1238 1630; x_wconf 85' lang='lat' dir='ltr'>sancti</span> <span class='ocrx_word' id='word_1_101' title='bbox 1269 1562 1430 1628; x_wconf 80' lang='lat' dir='ltr'>Francisci</span> <span class='ocrx_word' id='word_1_102' title='bbox 1522 1539 1523 1624; x_wconf 65' lang='lat' dir='ltr'>i</span> 
     </span>
     <span class='ocr_line' id='line_1_13' title="bbox 278 1669 1431 1755; baseline -0.006 -17"><span class='ocrx_word' id='word_1_103' title='bbox 278 1675 316 1738; x_wconf 89' lang='lat' dir='ltr'>de</span> <span class='ocrx_word' id='word_1_104' title='bbox 341 1674 472 1738; x_wconf 84' lang='lat' dir='ltr'>Avinea.</span> <span class='ocrx_word' id='word_1_105' title='bbox 521 1672 560 1736; x_wconf 82' lang='lat' dir='ltr'>Et</span> <span class='ocrx_word' id='word_1_106' title='bbox 594 1672 707 1736; x_wconf 85' lang='lat' dir='ltr'>habuit</span> <span class='ocrx_word' id='word_1_107' title='bbox 739 1693 889 1754; x_wconf 78' lang='lat' dir='ltr'>magnum</span> <span class='ocrx_word' id='word_1_108' title='bbox 921 1693 1106 1736; x_wconf 87' lang='lat' dir='ltr'>concursura</span> <span class='ocrx_word' id='word_1_109' title='bbox 1147 1669 1257 1755; x_wconf 91' lang='lat' dir='ltr'>populi</span> <span class='ocrx_word' id='word_1_110' title='bbox 1290 1674 1322 1732; x_wconf 90' lang='lat' dir='ltr'>et</span> <span class='ocrx_word' id='word_1_111' title='bbox 1354 1669 1431 1734; x_wconf 83' lang='lat' dir='ltr'>fecit</span> 
     </span>
     <span class='ocr_line' id='line_1_14' title="bbox 280 1773 1429 1862; baseline -0.006 -18"><span class='ocrx_word' id='word_1_112' title='bbox 280 1780 402 1844; x_wconf 89' lang='lat' dir='ltr'>fructus</span> <span class='ocrx_word' id='word_1_113' title='bbox 424 1779 457 1842; x_wconf 93' lang='lat' dir='ltr'>in</span> <span class='ocrx_word' id='word_1_114' title='bbox 482 1777 611 1862; x_wconf 91' lang='lat' dir='ltr'>populo.</span> <span class='ocrx_word' id='word_1_115' title='bbox 659 1777 740 1842; x_wconf 85' lang='lat' dir='ltr'>Nam</span> <span class='ocrx_word' id='word_1_116' title='bbox 757 1777 864 1861; x_wconf 90' lang='lat' dir='ltr'>piures</span> <span class='ocrx_word' id='word_1_117' title='bbox 891 1799 946 1861; x_wconf 89' lang='lat' dir='ltr'>par</span> <span class='ocrx_word' id='word_1_118' title='bbox 969 1775 1248 1860; x_wconf 77' lang='lat' dir='ltr'>Qucdeegesimam</span> <span class='ocrx_word' id='word_1_119' title='bbox 1271 1773 1429 1838; x_wconf 84' lang='lat' dir='ltr'>notabiles</span> 
     </span>
     <span class='ocr_line' id='line_1_15' title="bbox 280 1879 1432 1949; baseline -0.005 0"><span class='ocrx_word' id='word_1_120' title='bbox 280 1884 409 1949; x_wconf 86' lang='lat' dir='ltr'>vestivit</span> <span class='ocrx_word' id='word_1_121' title='bbox 431 1883 545 1948; x_wconf 88' lang='lat' dir='ltr'>habitu</span> <span class='ocrx_word' id='word_1_122' title='bbox 564 1883 682 1947; x_wconf 86' lang='lat' dir='ltr'>ordinis</span> <span class='ocrx_word' id='word_1_123' title='bbox 705 1883 801 1947; x_wconf 87' lang='lat' dir='ltr'>etiam</span> <span class='ocrx_word' id='word_1_124' title='bbox 825 1883 856 1946; x_wconf 93' lang='lat' dir='ltr'>in</span> <span class='ocrx_word' id='word_1_125' title='bbox 881 1881 1055 1947; x_wconf 79' lang='lat' dir='ltr'>cancellis⁴</span> <span class='ocrx_word' id='word_1_126' title='bbox 1077 1902 1183 1945; x_wconf 87' lang='lat' dir='ltr'>secum</span> <span class='ocrx_word' id='word_1_127' title='bbox 1205 1880 1315 1944; x_wconf 86' lang='lat' dir='ltr'>statim</span> <span class='ocrx_word' id='word_1_128' title='bbox 1339 1879 1432 1943; x_wconf 87' lang='lat' dir='ltr'>finito</span> 
     </span>
     <span class='ocr_line' id='line_1_16' title="bbox 278 1983 1431 2092; baseline -0.005 -40"><span class='ocrx_word' id='word_1_129' title='bbox 278 2011 430 2092; x_wconf 60' lang='lat' dir='ltr'>sermone.</span> <span class='ocrx_word' id='word_1_130' title='bbox 482 1987 522 2052; x_wconf 80' lang='lat' dir='ltr'>Et</span> <span class='ocrx_word' id='word_1_131' title='bbox 552 1988 584 2052; x_wconf 92' lang='lat' dir='ltr'>in</span> <span class='ocrx_word' id='word_1_132' title='bbox 617 1988 698 2052; x_wconf 80' lang='lat' dir='ltr'>feste</span> <span class='ocrx_word' id='word_1_133' title='bbox 732 1987 996 2053; x_wconf 84' lang='lat' dir='ltr'>Annuntiationis</span> <span class='ocrx_word' id='word_1_134' title='bbox 1028 1985 1127 2051; x_wconf 86' lang='lat' dir='ltr'>Mario</span> <span class='ocrx_word' id='word_1_135' title='bbox 1162 1985 1217 2070; x_wconf 86' lang='lat'>[25</span> <span class='ocrx_word' id='word_1_136' title='bbox 1245 1983 1345 2068; x_wconf 73' lang='lat' dir='ltr'>Mara]</span> <span class='ocrx_word' id='word_1_137' title='bbox 1383 2005 1431 2046; x_wconf 93' lang='lat' dir='ltr'>re·</span> 
     </span>
     <span class='ocr_line' id='line_1_17' title="bbox 278 2089 1432 2179; baseline -0.005 -20"><span class='ocrx_word' id='word_1_138' title='bbox 278 2095 363 2179; x_wconf 88' lang='lat' dir='ltr'>cepit</span> <span class='ocrx_word' id='word_1_139' title='bbox 385 2095 423 2159; x_wconf 88' lang='lat' dir='ltr'>ad</span> <span class='ocrx_word' id='word_1_140' title='bbox 448 2094 595 2158; x_wconf 88' lang='lat' dir='ltr'>habitum</span> <span class='ocrx_word' id='word_1_141' title='bbox 619 2094 681 2158; x_wconf 94' lang='lat' dir='ltr'>duo</span> <span class='ocrx_word' id='word_1_142' title='bbox 697 2093 815 2158; x_wconf 86' lang='lat' dir='ltr'>fratres</span> <span class='ocrx_word' id='word_1_143' title='bbox 838 2094 929 2158; x_wconf 85' lang='lat' dir='ltr'>valde</span> <span class='ocrx_word' id='word_1_144' title='bbox 951 2093 1108 2158; x_wconf 82' lang='lat' dir='ltr'>notabiles</span> <span class='ocrx_word' id='word_1_145' title='bbox 1131 2097 1163 2156; x_wconf 89' lang='lat' dir='ltr'>et</span> <span class='ocrx_word' id='word_1_146' title='bbox 1185 2089 1333 2169; x_wconf 81' lang='lat' dir='ltr'>famosos,</span> <span class='ocrx_word' id='word_1_147' title='bbox 1359 2110 1432 2173; x_wconf 82' lang='lat' dir='ltr'>ger·</span> 
     </span>
     <span class='ocr_line' id='line_1_18' title="bbox 280 2194 1523 2282; baseline -0.004 -19"><span class='ocrx_word' id='word_1_148' title='bbox 280 2220 388 2263; x_wconf 84' lang='lat' dir='ltr'>menos</span> <span class='ocrx_word' id='word_1_149' title='bbox 413 2197 571 2277; x_wconf 83' lang='lat' dir='ltr'>Venetos,</span> <span class='ocrx_word' id='word_1_150' title='bbox 604 2219 685 2262; x_wconf 88' lang='lat' dir='ltr'>unus</span> <span class='ocrx_word' id='word_1_151' title='bbox 708 2198 817 2263; x_wconf 89' lang='lat' dir='ltr'>doctor</span> <span class='ocrx_word' id='word_1_152' title='bbox 839 2199 871 2261; x_wconf 92' lang='lat' dir='ltr'>in</span> <span class='ocrx_word' id='word_1_153' title='bbox 896 2203 1031 2282; x_wconf 90' lang='lat' dir='ltr'>utroque</span> <span class='ocrx_word' id='word_1_154' title='bbox 1054 2197 1141 2274; x_wconf 80' lang='lat' dir='ltr'>iure,</span> <span class='ocrx_word' id='word_1_155' title='bbox 1175 2195 1257 2261; x_wconf 88' lang='lat' dir='ltr'>alius</span> <span class='ocrx_word' id='word_1_156' title='bbox 1280 2194 1434 2260; x_wconf 86' lang='lat' dir='ltr'>notabilis</span> <span class='ocrx_word' id='word_1_157' title='bbox 1522 2211 1523 2238; x_wconf 54' lang='grc' dir='ltr'>ι</span> 
     </span>
     <span class='ocr_line' id='line_1_19' title="bbox 284 2301 1523 2388; baseline -0.002 -20"><span class='ocrx_word' id='word_1_158' title='bbox 284 2303 591 2388; x_wconf 75' lang='lat' dir='ltr'>prothonotharius‚</span> <span class='ocrx_word' id='word_1_159' title='bbox 629 2303 722 2367; x_wconf 91' lang='lat' dir='ltr'>ambo</span> <span class='ocrx_word' id='word_1_160' title='bbox 755 2303 833 2368; x_wconf 89' lang='lat' dir='ltr'>bene</span> <span class='ocrx_word' id='word_1_161' title='bbox 867 2303 959 2368; x_wconf 79' lang='lat' dir='ltr'>docti·</span> <span class='ocrx_word' id='word_1_162' title='bbox 983 2310 1014 2367; x_wconf 89' lang='lat' dir='ltr'>et</span> <span class='ocrx_word' id='word_1_163' title='bbox 1041 2301 1192 2367; x_wconf 87' lang='lat' dir='ltr'>officiales</span> <span class='ocrx_word' id='word_1_164' title='bbox 1215 2301 1248 2364; x_wconf 90' lang='lat' dir='ltr'>in</span> <span class='ocrx_word' id='word_1_165' title='bbox 1278 2301 1436 2384; x_wconf 87' lang='lat' dir='ltr'>capitolio</span> <span class='ocrx_word' id='word_1_166' title='bbox 1522 2313 1523 2366; x_wconf 57' lang='lat' dir='ltr'>i</span> 
     </span>
     <span class='ocr_line' id='line_1_20' title="bbox 280 2406 1523 2489; baseline -0.002 -18"><span class='ocrx_word' id='word_1_167' title='bbox 280 2408 486 2472; x_wconf 87' lang='lat' dir='ltr'>Venetorum.</span> <span class='ocrx_word' id='word_1_168' title='bbox 541 2407 601 2484; x_wconf 77' lang='lat' dir='ltr'>Qui</span> <span class='ocrx_word' id='word_1_169' title='bbox 636 2407 736 2472; x_wconf 89' lang='lat' dir='ltr'>libere</span> <span class='ocrx_word' id='word_1_170' title='bbox 772 2408 993 2472; x_wconf 84' lang='lat' dir='ltr'>renuntiantes</span> <span class='ocrx_word' id='word_1_171' title='bbox 1027 2407 1133 2472; x_wconf 91' lang='lat' dir='ltr'>omnia</span> <span class='ocrx_word' id='word_1_172' title='bbox 1167 2411 1299 2489; x_wconf 91' lang='lat' dir='ltr'>propter</span> <span class='ocrx_word' id='word_1_173' title='bbox 1338 2406 1433 2470; x_wconf 91' lang='lat' dir='ltr'>deum</span> <span class='ocrx_word' id='word_1_174' title='bbox 1521 2447 1523 2468; x_wconf 53' lang='grc' dir='ltr'>ι</span> 
     </span>
     <span class='ocr_line' id='line_1_21' title="bbox 279 2510 1435 2578; baseline -0.002 -2"><span class='ocrx_word' id='word_1_175' title='bbox 279 2519 311 2578; x_wconf 91' lang='lat' dir='ltr'>et</span> <span class='ocrx_word' id='word_1_176' title='bbox 346 2513 445 2578; x_wconf 89' lang='lat' dir='ltr'>secuti</span> <span class='ocrx_word' id='word_1_177' title='bbox 484 2519 559 2576; x_wconf 90' lang='lat' dir='ltr'>sunt</span> <span class='ocrx_word' id='word_1_178' title='bbox 596 2513 756 2578; x_wconf 86' lang='lat' dir='ltr'>dominum</span> <span class='ocrx_word' id='word_1_179' title='bbox 792 2519 823 2578; x_wconf 90' lang='lat' dir='ltr'>et</span> <span class='ocrx_word' id='word_1_180' title='bbox 857 2519 1000 2578; x_wconf 80' lang='lat' dir='ltr'>sanctum</span> <span class='ocrx_word' id='word_1_181' title='bbox 1037 2512 1237 2578; x_wconf 81' lang='lat' dir='ltr'>Franciscuur</span> <span class='ocrx_word' id='word_1_182' title='bbox 1277 2510 1311 2574; x_wconf 93' lang='lat' dir='ltr'>in</span> <span class='ocrx_word' id='word_1_183' title='bbox 1347 2512 1435 2576; x_wconf 91' lang='lat' dir='ltr'>nuda</span> 
     </span>
     <span class='ocr_line' id='line_1_22' title="bbox 279 2617 1523 2704; baseline -0.002 -22"><span class='ocrx_word' id='word_1_184' title='bbox 279 2624 478 2702; x_wconf 88' lang='lat' dir='ltr'>paupertate.</span> <span class='ocrx_word' id='word_1_185' title='bbox 527 2617 608 2683; x_wconf 88' lang='lat' dir='ltr'>Laus</span> <span class='ocrx_word' id='word_1_186' title='bbox 632 2621 841 2703; x_wconf 86' lang='lat' dir='ltr'>omnipotenti</span> <span class='ocrx_word' id='word_1_187' title='bbox 866 2621 933 2698; x_wconf 83' lang='lat' dir='ltr'>deo,</span> <span class='ocrx_word' id='word_1_188' title='bbox 958 2619 1013 2704; x_wconf 90' lang='lat' dir='ltr'>qui</span> <span class='ocrx_word' id='word_1_189' title='bbox 1037 2619 1126 2682; x_wconf 89' lang='lat' dir='ltr'>novit</span> <span class='ocrx_word' id='word_1_190' title='bbox 1148 2639 1221 2682; x_wconf 85' lang='lat' dir='ltr'>suos</span> <span class='ocrx_word' id='word_1_191' title='bbox 1248 2639 1364 2682; x_wconf 88' lang='lat' dir='ltr'>vocare</span> <span class='ocrx_word' id='word_1_192' title='bbox 1395 2617 1434 2680; x_wconf 88' lang='lat' dir='ltr'>de</span> <span class='ocrx_word' id='word_1_193' title='bbox 1522 2681 1523 2692; x_wconf 56' lang='grc'>,</span> 
     </span>
     <span class='ocr_line' id='line_1_23' title="bbox 280 2723 1523 2808; baseline 0.003 -22"><span class='ocrx_word' id='word_1_194' title='bbox 280 2723 400 2788; x_wconf 81' lang='lat' dir='ltr'>fecibus</span> <span class='ocrx_word' id='word_1_195' title='bbox 425 2723 519 2787; x_wconf 89' lang='lat' dir='ltr'>huius</span> <span class='ocrx_word' id='word_1_196' title='bbox 545 2724 666 2788; x_wconf 89' lang='lat' dir='ltr'>mundi.</span> <span class='ocrx_word' id='word_1_197' title='bbox 713 2724 754 2788; x_wconf 83' lang='lat' dir='ltr'>Et</span> <span class='ocrx_word' id='word_1_198' title='bbox 778 2726 810 2788; x_wconf 92' lang='lat' dir='ltr'>in</span> <span class='ocrx_word' id='word_1_199' title='bbox 836 2723 1006 2789; x_wconf 87' lang='lat' dir='ltr'>Parasceve</span> <span class='ocrx_word' id='word_1_200' title='bbox 1031 2725 1064 2808; x_wconf 84' lang='lat'>[5</span> <span class='ocrx_word' id='word_1_201' title='bbox 1085 2723 1191 2806; x_wconf 82' lang='lat' dir='ltr'>April]</span> <span class='ocrx_word' id='word_1_202' title='bbox 1219 2727 1351 2787; x_wconf 79' lang='lat' dir='ltr'>vocatus</span> <span class='ocrx_word' id='word_1_203' title='bbox 1384 2725 1433 2786; x_wconf 84' lang='lat' dir='ltr'>est</span> <span class='ocrx_word' id='word_1_204' title='bbox 1522 2767 1523 2790; x_wconf 61' lang='grc'><strong>;</strong></span> 
     </span>
     <span class='ocr_line' id='line_1_24' title="bbox 280 2827 1523 2914; baseline -0.003 -20"><span class='ocrx_word' id='word_1_205' title='bbox 280 2853 337 2914; x_wconf 88' lang='lat' dir='ltr'>per</span> <span class='ocrx_word' id='word_1_206' title='bbox 371 2830 513 2894; x_wconf 87' lang='lat' dir='ltr'>dominos</span> <span class='ocrx_word' id='word_1_207' title='bbox 543 2827 683 2894; x_wconf 89' lang='lat' dir='ltr'>Venetos</span> <span class='ocrx_word' id='word_1_208' title='bbox 712 2830 750 2894; x_wconf 89' lang='lat' dir='ltr'>ad</span> <span class='ocrx_word' id='word_1_209' title='bbox 786 2830 1012 2912; x_wconf 88' lang='lat' dir='ltr'>predicandum</span> <span class='ocrx_word' id='word_1_210' title='bbox 1045 2828 1220 2912; x_wconf 88' lang='lat' dir='ltr'>passionem</span> <span class='ocrx_word' id='word_1_211' title='bbox 1255 2827 1287 2890; x_wconf 92' lang='lat' dir='ltr'>in</span> <span class='ocrx_word' id='word_1_212' title='bbox 1320 2831 1437 2891; x_wconf 84' lang='lat' dir='ltr'>saneta</span> <span class='ocrx_word' id='word_1_213' title='bbox 1522 2901 1523 2906; x_wconf 8' lang='grc' dir='ltr'>γ</span> 
     </span>
     <span class='ocr_line' id='line_1_25' title="bbox 282 2931 472 3001; baseline 0.021 -5"><span class='ocrx_word' id='word_1_214' title='bbox 282 2931 389 2998; x_wconf 89' lang='lat' dir='ltr'>Marco</span> <span class='ocrx_word' id='word_1_215' title='bbox 413 2939 472 3001; x_wconf 88' lang='lat' dir='ltr'>ete.</span> 
     </span>
    </p>
   </div>
   <div class='ocr_carea' id='block_1_3' title="bbox 845 3088 864 3124">
    <p class='ocr_par' dir='ltr' id='par_1_4' title="bbox 845 3088 864 3124">
     <span class='ocr_line' id='line_1_26' title="bbox 845 3088 864 3124; baseline 0 0"><span class='ocrx_word' id='word_1_216' title='bbox 845 3088 864 3124; x_wconf 65' lang='lat'>¹*</span> 
     </span>
    </p>
   </div>
   <div class='ocr_carea' id='block_1_4' title="bbox 280 3192 1444 4471">
    <p class='ocr_par' dir='ltr' id='par_1_5' title="bbox 280 3192 1444 4471">
     <span class='ocr_line' id='line_1_27' title="bbox 353 3192 1439 3263; baseline -0.002 -13"><span class='ocrx_word' id='word_1_217' title='bbox 353 3200 362 3250; x_wconf 94' lang='grc'>1</span> <span class='ocrx_word' id='word_1_218' title='bbox 385 3195 460 3249; x_wconf 82' lang='lat' dir='ltr'>Musa</span> <span class='ocrx_word' id='word_1_219' title='bbox 484 3196 556 3250; x_wconf 88' lang='lat' dir='ltr'>nach</span> <span class='ocrx_word' id='word_1_220' title='bbox 581 3196 642 3250; x_wconf 88' lang='lat' dir='ltr'>dem</span> <span class='ocrx_word' id='word_1_221' title='bbox 668 3194 907 3263; x_wconf 79' lang='lat' dir='ltr'>zusammenhang</span> <span class='ocrx_word' id='word_1_222' title='bbox 931 3193 1094 3249; x_wconf 76' lang='lat' dir='ltr'>»volebam«</span> <span class='ocrx_word' id='word_1_223' title='bbox 1123 3192 1234 3250; x_wconf 81' lang='lat' dir='ltr'>beiden.</span> <span class='ocrx_word' id='word_1_224' title='bbox 1342 3193 1439 3248; x_wconf 73' lang='lat'>201)-</span> 
     </span>
     <span class='ocr_line' id='line_1_28' title="bbox 282 3280 1439 3349; baseline -0.003 -11"><span class='ocrx_word' id='word_1_225' title='bbox 282 3283 366 3338; x_wconf 91' lang='lat' dir='ltr'>sehon</span> <span class='ocrx_word' id='word_1_226' title='bbox 385 3283 474 3337; x_wconf 80' lang='lat' dir='ltr'>dieser</span> <span class='ocrx_word' id='word_1_227' title='bbox 493 3282 665 3336; x_wconf 81' lang='lat' dir='ltr'>ausfdhrtich</span> <span class='ocrx_word' id='word_1_228' title='bbox 684 3282 855 3337; x_wconf 85' lang='lat' dir='ltr'>behondelte</span> <span class='ocrx_word' id='word_1_229' title='bbox 874 3282 926 3336; x_wconf 83' lang='lat' dir='ltr'>salt</span> <span class='ocrx_word' id='word_1_230' title='bbox 945 3280 1100 3349; x_wconf 81' lang='lat' dir='ltr'>eigentlieh</span> <span class='ocrx_word' id='word_1_231' title='bbox 1127 3281 1159 3336; x_wconf 91' lang='lat' dir='ltr'>in</span> <span class='ocrx_word' id='word_1_232' title='bbox 1187 3281 1283 3337; x_wconf 86' lang='lat' dir='ltr'>keiner</span> <span class='ocrx_word' id='word_1_233' title='bbox 1302 3281 1439 3337; x_wconf 80' lang='lat' dir='ltr'>direkten</span> 
     </span>
     <span class='ocr_line' id='line_1_29' title="bbox 283 3367 1440 3440; baseline -0.003 -14"><span class='ocrx_word' id='word_1_234' title='bbox 283 3371 437 3438; x_wconf 82' lang='lat' dir='ltr'>beaiehung</span> <span class='ocrx_word' id='word_1_235' title='bbox 455 3388 503 3424; x_wconf 80' lang='lat' dir='ltr'>nur</span> <span class='ocrx_word' id='word_1_236' title='bbox 516 3369 688 3440; x_wconf 79' lang='lat' dir='ltr'>pilgeriehrt</span> <span class='ocrx_word' id='word_1_237' title='bbox 701 3371 784 3434; x_wconf 85' lang='lat' dir='ltr'>steht,</span> <span class='ocrx_word' id='word_1_238' title='bbox 806 3371 900 3426; x_wconf 88' lang='lat' dir='ltr'>wollte</span> <span class='ocrx_word' id='word_1_239' title='bbox 917 3370 962 3424; x_wconf 88' lang='lat' dir='ltr'>ich</span> <span class='ocrx_word' id='word_1_240' title='bbox 976 3371 1026 3424; x_wconf 87' lang='lat' dir='ltr'>ihu</span> <span class='ocrx_word' id='word_1_241' title='bbox 1039 3371 1108 3426; x_wconf 88' lang='lat' dir='ltr'>doch</span> <span class='ocrx_word' id='word_1_242' title='bbox 1125 3369 1204 3424; x_wconf 86' lang='lat' dir='ltr'>nicht</span> <span class='ocrx_word' id='word_1_243' title='bbox 1221 3369 1271 3423; x_wconf 89' lang='lat' dir='ltr'>der</span> <span class='ocrx_word' id='word_1_244' title='bbox 1284 3367 1440 3424; x_wconf 68' lang='lat' dir='ltr'>veroffent</span> 
     </span>
     <span class='ocr_line' id='line_1_30' title="bbox 283 3455 1441 3527; baseline -0.003 -15"><span class='ocrx_word' id='word_1_245' title='bbox 283 3458 398 3527; x_wconf 80' lang='lat' dir='ltr'>lichung</span> <span class='ocrx_word' id='word_1_246' title='bbox 415 3458 569 3520; x_wconf 84' lang='lat' dir='ltr'>entaiehen‚</span> <span class='ocrx_word' id='word_1_247' title='bbox 589 3457 626 3512; x_wconf 88' lang='lat' dir='ltr'>da</span> <span class='ocrx_word' id='word_1_248' title='bbox 644 3475 673 3512; x_wconf 92' lang='lat' dir='ltr'>er</span> <span class='ocrx_word' id='word_1_249' title='bbox 693 3456 798 3513; x_wconf 85' lang='lat' dir='ltr'>sowohl</span> <span class='ocrx_word' id='word_1_250' title='bbox 818 3457 847 3510; x_wconf 89' lang='lat' dir='ltr'>in</span> <span class='ocrx_word' id='word_1_251' title='bbox 867 3457 958 3526; x_wconf 80' lang='lat' dir='ltr'>beaug</span> <span class='ocrx_word' id='word_1_252' title='bbox 982 3456 1033 3511; x_wconf 83' lang='lat' dir='ltr'>auf</span> <span class='ocrx_word' id='word_1_253' title='bbox 1050 3457 1194 3512; x_wconf 83' lang='lat' dir='ltr'>Wntthere</span> <span class='ocrx_word' id='word_1_254' title='bbox 1213 3455 1368 3511; x_wconf 80' lang='lat' dir='ltr'>charatter</span> <span class='ocrx_word' id='word_1_255' title='bbox 1395 3457 1441 3510; x_wconf 78' lang='lat' dir='ltr'>ais</span> 
     </span>
     <span class='ocr_line' id='line_1_31' title="bbox 281 3543 1441 3614; baseline -0.002 -14"><span class='ocrx_word' id='word_1_256' title='bbox 281 3545 352 3600; x_wconf 86' lang='lat' dir='ltr'>auch</span> <span class='ocrx_word' id='word_1_257' title='bbox 372 3545 417 3598; x_wconf 76' lang='lat' dir='ltr'>fur</span> <span class='ocrx_word' id='word_1_258' title='bbox 435 3545 480 3600; x_wconf 89' lang='lat' dir='ltr'>die</span> <span class='ocrx_word' id='word_1_259' title='bbox 497 3544 631 3599; x_wconf 86' lang='lat' dir='ltr'>kenntnis</span> <span class='ocrx_word' id='word_1_260' title='bbox 650 3544 808 3614; x_wconf 81' lang='lat' dir='ltr'>damaiiger</span> <span class='ocrx_word' id='word_1_261' title='bbox 828 3544 1012 3599; x_wconf 80' lang='lat' dir='ltr'>verhtltnisse</span> <span class='ocrx_word' id='word_1_262' title='bbox 1031 3545 1187 3599; x_wconf 82' lang='lat' dir='ltr'>instruktiv</span> <span class='ocrx_word' id='word_1_263' title='bbox 1207 3543 1253 3598; x_wconf 89' lang='lat' dir='ltr'>ist.</span> <span class='ocrx_word' id='word_1_264' title='bbox 1357 3546 1376 3598; x_wconf 84' lang='lat'><strong>3</strong></span> <span class='ocrx_word' id='word_1_265' title='bbox 1398 3545 1441 3598; x_wconf 89' lang='lat' dir='ltr'>Im</span> 
     </span>
     <span class='ocr_line' id='line_1_32' title="bbox 281 3631 1442 3702; baseline 0 -16"><span class='ocrx_word' id='word_1_266' title='bbox 281 3635 342 3688; x_wconf 82' lang='lat' dir='ltr'>text</span> <span class='ocrx_word' id='word_1_267' title='bbox 360 3635 398 3685; x_wconf 88' lang='lat' dir='ltr'>ist</span> <span class='ocrx_word' id='word_1_268' title='bbox 417 3632 477 3687; x_wconf 88' lang='lat' dir='ltr'>hier</span> <span class='ocrx_word' id='word_1_269' title='bbox 496 3632 540 3686; x_wconf 89' lang='lat' dir='ltr'>ein</span> <span class='ocrx_word' id='word_1_270' title='bbox 559 3633 575 3684; x_wconf 80' lang='lat'><strong>2</strong></span> <span class='ocrx_word' id='word_1_271' title='bbox 595 3651 638 3685; x_wconf 88' lang='lat' dir='ltr'>cm</span> <span class='ocrx_word' id='word_1_272' title='bbox 657 3632 757 3700; x_wconf 77' lang='lat' dir='ltr'>tunger</span> <span class='ocrx_word' id='word_1_273' title='bbox 776 3631 864 3686; x_wconf 88' lang='lat' dir='ltr'>leerer</span> <span class='ocrx_word' id='word_1_274' title='bbox 883 3649 975 3686; x_wconf 86' lang='lat' dir='ltr'>raum.</span> <span class='ocrx_word' id='word_1_275' title='bbox 1046 3633 1062 3685; x_wconf 79' lang='lat'><strong>4</strong></span> <span class='ocrx_word' id='word_1_276' title='bbox 1081 3631 1212 3695; x_wconf 85' lang='lat' dir='ltr'>Cenoelti,</span> <span class='ocrx_word' id='word_1_277' title='bbox 1231 3631 1442 3702; x_wconf 80' lang='lat' dir='ltr'>ursprdnglich</span> 
     </span>
     <span class='ocr_line' id='line_1_33' title="bbox 280 3717 1442 3789; baseline -0.002 -14"><span class='ocrx_word' id='word_1_278' title='bbox 280 3721 341 3775; x_wconf 90' lang='lat' dir='ltr'>eine</span> <span class='ocrx_word' id='word_1_279' title='bbox 368 3719 509 3789; x_wconf 83' lang='lat' dir='ltr'>niedrige‚</span> <span class='ocrx_word' id='word_1_280' title='bbox 542 3737 699 3774; x_wconf 88' lang='lat' dir='ltr'>marmorne</span> <span class='ocrx_word' id='word_1_281' title='bbox 731 3717 978 3782; x_wconf 80' lang='lat' dir='ltr'>mauersehranke‚</span> <span class='ocrx_word' id='word_1_282' title='bbox 1014 3718 1117 3774; x_wconf 84' lang='lat' dir='ltr'>welche</span> <span class='ocrx_word' id='word_1_283' title='bbox 1143 3718 1193 3774; x_wconf 83' lang='lat' dir='ltr'>das</span> <span class='ocrx_word' id='word_1_284' title='bbox 1217 3719 1442 3788; x_wconf 79' lang='lat' dir='ltr'>presbyterium,</span> 
     </span>
     <span class='ocr_line' id='line_1_34' title="bbox 281 3805 1444 3876; baseline 0 -16"><span class='ocrx_word' id='word_1_285' title='bbox 281 3807 308 3861; x_wconf 92' lang='lat' dir='ltr'>d.</span> <span class='ocrx_word' id='word_1_286' title='bbox 326 3807 344 3861; x_wconf 94' lang='lat' dir='ltr'>i.</span> <span class='ocrx_word' id='word_1_287' title='bbox 363 3806 416 3860; x_wconf 90' lang='lat' dir='ltr'>den</span> <span class='ocrx_word' id='word_1_288' title='bbox 435 3807 513 3876; x_wconf 82' lang='lat' dir='ltr'>plata</span> <span class='ocrx_word' id='word_1_289' title='bbox 539 3807 585 3860; x_wconf 80' lang='lat' dir='ltr'>fiir</span> <span class='ocrx_word' id='word_1_290' title='bbox 609 3807 663 3861; x_wconf 92' lang='lat' dir='ltr'>den</span> <span class='ocrx_word' id='word_1_291' title='bbox 689 3806 798 3871; x_wconf 82' lang='lat' dir='ltr'>klerns,</span> <span class='ocrx_word' id='word_1_292' title='bbox 827 3823 882 3862; x_wconf 92' lang='lat' dir='ltr'>von</span> <span class='ocrx_word' id='word_1_293' title='bbox 910 3806 972 3861; x_wconf 89' lang='lat' dir='ltr'>dem</span> <span class='ocrx_word' id='word_1_294' title='bbox 991 3805 1087 3860; x_wconf 83' lang='lat' dir='ltr'>schiffe</span> <span class='ocrx_word' id='word_1_295' title='bbox 1115 3806 1182 3861; x_wconf 89' lang='lat' dir='ltr'>oder</span> <span class='ocrx_word' id='word_1_296' title='bbox 1205 3805 1368 3874; x_wconf 79' lang='lat' dir='ltr'>langhause</span> <span class='ocrx_word' id='word_1_297' title='bbox 1389 3807 1444 3861; x_wconf 86' lang='lat' dir='ltr'>der</span> 
     </span>
     <span class='ocr_line' id='line_1_35' title="bbox 281 3893 1444 3965; baseline -0.002 -17"><span class='ocrx_word' id='word_1_298' title='bbox 281 3895 383 3960; x_wconf 71' lang='lat' dir='ltr'>tucho,</span> <span class='ocrx_word' id='word_1_299' title='bbox 406 3896 432 3949; x_wconf 87' lang='lat' dir='ltr'>d.</span> <span class='ocrx_word' id='word_1_300' title='bbox 452 3896 469 3950; x_wconf 89' lang='lat' dir='ltr'>i.</span> <span class='ocrx_word' id='word_1_301' title='bbox 489 3896 550 3949; x_wconf 91' lang='lat' dir='ltr'>dem</span> <span class='ocrx_word' id='word_1_302' title='bbox 564 3896 657 3965; x_wconf 78' lang='lat' dir='ltr'>pistae</span> <span class='ocrx_word' id='word_1_303' title='bbox 676 3897 721 3949; x_wconf 79' lang='lat' dir='ltr'>fiir</span> <span class='ocrx_word' id='word_1_304' title='bbox 740 3895 791 3948; x_wconf 91' lang='lat' dir='ltr'>das</span> <span class='ocrx_word' id='word_1_305' title='bbox 805 3895 878 3957; x_wconf 81' lang='lat' dir='ltr'>voit,</span> <span class='ocrx_word' id='word_1_306' title='bbox 899 3897 1022 3949; x_wconf 87' lang='lat' dir='ltr'>trennte.</span> <span class='ocrx_word' id='word_1_307' title='bbox 1061 3895 1102 3948; x_wconf 82' lang='lat' dir='ltr'>An</span> <span class='ocrx_word' id='word_1_308' title='bbox 1121 3893 1221 3948; x_wconf 89' lang='lat' dir='ltr'>beiden</span> <span class='ocrx_word' id='word_1_309' title='bbox 1234 3893 1324 3948; x_wconf 84' lang='lat' dir='ltr'>seiten</span> <span class='ocrx_word' id='word_1_310' title='bbox 1345 3893 1444 3949; x_wconf 85' lang='lat' dir='ltr'>dieser</span> 
     </span>
     <span class='ocr_line' id='line_1_36' title="bbox 281 3981 1443 4052; baseline 0 -16"><span class='ocrx_word' id='word_1_311' title='bbox 281 3981 397 4036; x_wconf 78' lang='lat' dir='ltr'>cancelli</span> <span class='ocrx_word' id='word_1_312' title='bbox 416 3999 510 4036; x_wconf 84' lang='lat' dir='ltr'>waren</span> <span class='ocrx_word' id='word_1_313' title='bbox 532 3982 576 4036; x_wconf 90' lang='lat' dir='ltr'>die</span> <span class='ocrx_word' id='word_1_314' title='bbox 595 3983 734 4037; x_wconf 88' lang='lat' dir='ltr'>embonen</span> <span class='ocrx_word' id='word_1_315' title='bbox 754 3983 943 4052; x_wconf 80' lang='lat' dir='ltr'>engebracht‚</span> <span class='ocrx_word' id='word_1_316' title='bbox 965 4001 1019 4038; x_wconf 88' lang='lat' dir='ltr'>von</span> <span class='ocrx_word' id='word_1_317' title='bbox 1037 3982 1160 4037; x_wconf 88' lang='lat' dir='ltr'>welchen</span> <span class='ocrx_word' id='word_1_318' title='bbox 1179 3997 1229 4036; x_wconf 88' lang='lat' dir='ltr'>aus</span> <span class='ocrx_word' id='word_1_319' title='bbox 1250 3981 1296 4036; x_wconf 90' lang='lat' dir='ltr'>die</span> <span class='ocrx_word' id='word_1_320' title='bbox 1314 3981 1443 4050; x_wconf 83' lang='lat' dir='ltr'>episteln</span> 
     </span>
     <span class='ocr_line' id='line_1_37' title="bbox 284 4067 1443 4138; baseline 0.001 -16"><span class='ocrx_word' id='word_1_321' title='bbox 284 4069 340 4123; x_wconf 92' lang='lat' dir='ltr'>und</span> <span class='ocrx_word' id='word_1_322' title='bbox 360 4070 526 4138; x_wconf 78' lang='lat' dir='ltr'>evangelicu</span> <span class='ocrx_word' id='word_1_323' title='bbox 546 4070 670 4124; x_wconf 80' lang='lat' dir='ltr'>verlesen</span> <span class='ocrx_word' id='word_1_324' title='bbox 689 4068 812 4125; x_wconf 83' lang='lat' dir='ltr'>worden.</span> <span class='ocrx_word' id='word_1_325' title='bbox 850 4069 903 4123; x_wconf 89' lang='lat' dir='ltr'>Der</span> <span class='ocrx_word' id='word_1_326' title='bbox 923 4069 1055 4123; x_wconf 87' lang='lat' dir='ltr'>deutsche</span> <span class='ocrx_word' id='word_1_327' title='bbox 1081 4084 1164 4122; x_wconf 88' lang='lat' dir='ltr'>name</span> <span class='ocrx_word' id='word_1_328' title='bbox 1183 4067 1274 4123; x_wconf 81' lang='lat' dir='ltr'>dieser</span> <span class='ocrx_word' id='word_1_329' title='bbox 1294 4069 1443 4124; x_wconf 85' lang='lat' dir='ltr'>ambonen</span> 
     </span>
     <span class='ocr_line' id='line_1_38' title="bbox 287 4154 1444 4224; baseline 0.001 -15"><span class='ocrx_word' id='word_1_330' title='bbox 287 4156 417 4210; x_wconf 71' lang='lat' dir='ltr'>»kausei«</span> <span class='ocrx_word' id='word_1_331' title='bbox 432 4156 539 4212; x_wconf 84' lang='lat' dir='ltr'>tromrnt</span> <span class='ocrx_word' id='word_1_332' title='bbox 559 4173 611 4211; x_wconf 89' lang='lat' dir='ltr'>von</span> <span class='ocrx_word' id='word_1_333' title='bbox 625 4155 751 4212; x_wconf 85' lang='lat' dir='ltr'>cancelii.</span> <span class='ocrx_word' id='word_1_334' title='bbox 789 4154 890 4224; x_wconf 79' lang='lat' dir='ltr'>Spttter</span> <span class='ocrx_word' id='word_1_335' title='bbox 904 4157 999 4210; x_wconf 87' lang='lat' dir='ltr'>wurde</span> <span class='ocrx_word' id='word_1_336' title='bbox 1018 4155 1093 4210; x_wconf 88' lang='lat' dir='ltr'>dieee</span> <span class='ocrx_word' id='word_1_337' title='bbox 1105 4155 1343 4210; x_wconf 83' lang='lat' dir='ltr'>mauerschranire</span> <span class='ocrx_word' id='word_1_338' title='bbox 1363 4157 1444 4210; x_wconf 87' lang='lat' dir='ltr'>auch</span> 
     </span>
     <span class='ocr_line' id='line_1_39' title="bbox 282 4241 1443 4312; baseline 0.001 -16"><span class='ocrx_word' id='word_1_339' title='bbox 282 4245 369 4296; x_wconf 87' lang='lat' dir='ltr'>etwas</span> <span class='ocrx_word' id='word_1_340' title='bbox 382 4243 480 4296; x_wconf 85' lang='lat' dir='ltr'>erhdht</span> <span class='ocrx_word' id='word_1_341' title='bbox 499 4243 564 4296; x_wconf 89' lang='lat' dir='ltr'>oder</span> <span class='ocrx_word' id='word_1_342' title='bbox 584 4241 671 4294; x_wconf 88' lang='lat' dir='ltr'>durch</span> <span class='ocrx_word' id='word_1_343' title='bbox 684 4241 767 4295; x_wconf 76' lang='lat' dir='ltr'>echon</span> <span class='ocrx_word' id='word_1_344' title='bbox 781 4241 1006 4297; x_wconf 87' lang='lat' dir='ltr'>durchbrochene</span> <span class='ocrx_word' id='word_1_345' title='bbox 1020 4241 1107 4311; x_wconf 84' lang='lat' dir='ltr'>gitter</span> <span class='ocrx_word' id='word_1_346' title='bbox 1120 4245 1229 4296; x_wconf 81' lang='lat' dir='ltr'>ersetat</span> <span class='ocrx_word' id='word_1_347' title='bbox 1249 4241 1315 4312; x_wconf 78' lang='lat' dir='ltr'>vgt.</span> <span class='ocrx_word' id='word_1_348' title='bbox 1329 4242 1443 4308; x_wconf 78' lang='lat' dir='ltr'>Lflblre,</span> 
     </span>
     <span class='ocr_line' id='line_1_40' title="bbox 280 4328 1444 4400; baseline 0.004 -19"><span class='ocrx_word' id='word_1_349' title='bbox 280 4329 377 4382; x_wconf 84' lang='lat' dir='ltr'>Gesch.</span> <span class='ocrx_word' id='word_1_350' title='bbox 397 4329 423 4381; x_wconf 91' lang='lat' dir='ltr'>d.</span> <span class='ocrx_word' id='word_1_351' title='bbox 442 4328 591 4384; x_wconf 80' lang='lat' dir='ltr'>eretritekt.</span> <span class='ocrx_word' id='word_1_352' title='bbox 611 4329 631 4391; x_wconf 88' lang='lat'>1,</span> <span class='ocrx_word' id='word_1_353' title='bbox 650 4329 702 4383; x_wconf 83' lang='lat'>256</span> <span class='ocrx_word' id='word_1_354' title='bbox 729 4347 755 4384; x_wconf 90' lang='lat' dir='ltr'>u.</span> <span class='ocrx_word' id='word_1_355' title='bbox 776 4347 801 4385; x_wconf 88' lang='lat' dir='ltr'>a.</span> <span class='ocrx_word' id='word_1_356' title='bbox 820 4347 845 4386; x_wconf 90' lang='lat' dir='ltr'>o.</span> <span class='ocrx_word' id='word_1_357' title='bbox 883 4329 913 4383; x_wconf 89' lang='lat' dir='ltr'>in</span> <span class='ocrx_word' id='word_1_358' title='bbox 935 4330 1067 4384; x_wconf 76' lang='lat' dir='ltr'>cancellis</span> <span class='ocrx_word' id='word_1_359' title='bbox 1096 4330 1173 4384; x_wconf 87' lang='lat' dir='ltr'>steht</span> <span class='ocrx_word' id='word_1_360' title='bbox 1201 4329 1444 4400; x_wconf 84' lang='lat' dir='ltr'>hierjedenfalls</span> 
     </span>
     <span class='ocr_line' id='line_1_41' title="bbox 285 4415 589 4471; baseline 0.013 -4"><span class='ocrx_word' id='word_1_361' title='bbox 285 4415 331 4467; x_wconf 78' lang='lat' dir='ltr'>sur</span> <span class='ocrx_word' id='word_1_362' title='bbox 350 4417 425 4470; x_wconf 86' lang='lat' dir='ltr'>intra</span> <span class='ocrx_word' id='word_1_363' title='bbox 444 4416 589 4471; x_wconf 88' lang='lat' dir='ltr'>cancellos.</span> 
     </span>
    </p>
   </div>
   <div class='ocr_carea' id='block_1_5' title="bbox 0 0 1544 4938">
    <p class='ocr_par' dir='ltr' id='par_1_6' title="bbox 0 0 1544 4938">
     <span class='ocr_line' id='line_1_42' title="bbox 0 0 1544 4938; baseline 0 0"><span class='ocrx_word' id='word_1_364' title='bbox 0 0 1544 4938; x_wconf 95' lang='lat' dir='ltr'> </span> 
     </span>
    </p>
   </div>
  </div>
 </body>
</html>
