3054 4942
654 337 717 402 249

113 511 197 589 nino,
220 512 342 593 inoepit
364 511 469 576 dolere
493 515 525 576 et
539 513 696 578 infirmari
720 534 758 576 ex
774 511 893 578 lesione
908 512 1019 577 lateris
1043 519 1077 578 et
1098 519 1192 593 coste,
1218 514 1263 579 ita

114 617 195 701 quod
219 617 359 682 medicus
382 619 415 681 et
436 639 496 702 ago
520 617 709 683 timebamus
733 640 804 682 eum
832 617 890 682 illa
911 623 1003 683 noete
1025 620 1124 697 mori,
1156 624 1188 682 et
1210 620 1264 683 de-

114 744 199 787 mum
223 721 412 805 providebat
434 743 467 785 se
490 742 561 787 oum
585 722 781 787 confessione
803 727 964 800 extrema,
989 728 1020 786 et
1043 723 1265 788 infirmabatur

114 849 169 912 per
193 827 301 911 plures
324 827 390 891 dies
405 827 425 892 ¹.
471 826 553 892 Item
578 850 662 906 nona
692 829 742 892 die
765 829 882 892 mensis
906 827 1115 907 Novembris,
1146 830 1178 892 in
1203 852 1265 914 qua

115 937 182 998 erat
205 932 363 998 dominica
386 932 462 1008 dies,
486 936 613 1016 peraeto
635 933 751 1012 offioio,
785 936 913 1016 sumpto
937 934 1069 1017 prandio
1092 935 1263 1000 valedicto·

117 1060 175 1122 que
197 1041 309 1102 nostro
333 1056 485 1119 generoso
507 1039 634 1103 domino
659 1040 786 1104 consule
812 1040 937 1104 Andrea
970 1039 1008 1103 de
1032 1037 1184 1123 Capriel²
1207 1062 1265 1104 nee

117 1163 176 1206 nun
201 1141 316 1206 ueteris
340 1142 517 1206 fautoribus
550 1144 683 1222 nostris,
716 1143 870 1208 exivimus
904 1144 1076 1227 hospitium
1117 1149 1265 1228 portante

118 1249 203 1310 asino
227 1269 277 1310 res
299 1250 433 1312 nostres.
480 1246 521 1311 Et
543 1248 620 1313 dum
636 1249 835 1331 pervenimus
858 1249 895 1312 nd
913 1250 1047 1333 primam
1070 1254 1194 1334 portani
1219 1251 1263 1315 ei-

117 1352 233 1430 vitatis,
256 1350 361 1416 Mauri
384 1353 572 1436 inceperunt
595 1375 651 1418 nos
686 1355 840 1437 impedire
879 1357 1022 1437 petentes
1045 1376 1063 1418 a
1085 1355 1177 1420 nobis
1199 1377 1264 1420 me·

118 1457 202 1522 dium
226 1459 391 1532 ducatuum
424 1463 564 1524 attamen
597 1459 630 1522 in
666 1460 728 1523 fine
752 1464 939 1542 receperunt
973 1482 1070 1523 unum
1094 1461 1264 1526 merlinum.

119 1563 250 1628 llemum
274 1564 307 1626 in
331 1548 395 1628 alia
418 1570 511 1646 porta
536 1565 652 1628 iterum
677 1565 758 1628 alius
781 1565 899 1629 invasit
921 1585 979 1629 nos
1018 1572 1049 1627 st
1083 1564 1138 1629 diu
1159 1565 1265 1630 tenuit

117 1691 180 1747 uos,
205 1673 239 1732 et
262 1669 378 1732 iterum
403 1668 542 1734 finaliter
564 1669 684 1734 dimisit
719 1691 776 1734 nos
800 1670 953 1753 recipiens
975 1691 1072 1732 unum
1095 1670 1264 1735 modinum.

117 1772 196 1836 Dum
215 1774 324 1836 autern
339 1773 539 1854 pervenimus
556 1795 655 1856 usque
677 1775 715 1836 ad
731 1773 930 1853 litomeris,
955 1774 1070 1838 iterum
1088 1774 1144 1837 ulii
1161 1773 1264 1838 Mauri

118 1881 334 1955 cucurrerant,
358 1877 519 1942 trahentes
543 1899 591 1940 res
614 1881 738 1941 nostras
761 1898 834 1942 oum
856 1877 963 1942 lurore
986 1879 1023 1942 ad
1049 1882 1184 1952 terram,
1206 1900 1264 1963 pe·

117 1988 220 2048 lentes
242 2003 340 2046 uuum
365 1982 514 2046 ducatum
537 2004 609 2048 oum
632 1983 774 2047 dimidio.
822 1981 884 2047 Ubi
908 1982 1116 2067 perlongum
1140 1989 1265 2066 tempus

116 2087 379 2172 disceptavimus3
404 2087 529 2151 tandem
554 2093 742 2170 receperunt
766 2089 843 2152 duos
867 2089 1009 2152 medinos
1032 2093 1064 2152 et
1079 2087 1265 2152 dimiserunt

115 2215 192 2268 noar
217 2196 250 2256 et
272 2191 330 2256 hos
352 2191 449 2257 solvit
465 2193 595 2276 quidam
609 2198 776 2260 mereator.
824 2194 865 2258 Et
887 2195 932 2258 sio
955 2215 1024 2258 aum
1041 2215 1157 2278 magna
1180 2192 1264 2257 diffi-

116 2298 227 2364 cultati
246 2297 435 2362 intravimus
450 2297 576 2382 galeam
592 2299 710 2364 domini
728 2298 827 2362 Marci
844 2300 881 2363 de
896 2297 1041 2362 Lardano
1056 2298 1079 2364 ³.
1126 2297 1167 2360 Et
1182 2298 1265 2362 idem

117 2408 271 2487 patronus
294 2401 469 2485 assignavit
492 2403 582 2468 nobis
607 2405 723 2468 bonum
747 2404 848 2470 locum
882 2406 915 2468 in
938 2403 1047 2488 galea,
1081 2403 1135 2468 ubi
1160 2403 1267 2489 quiete

115 2509 269 2584 stetimus,
294 2507 370 2571 lieet
391 2508 496 2590 gallea
518 2509 617 2572 fuerit
640 2510 776 2574 maxime
809 2532 866 2594 pre
894 2510 1007 2574 ceteris
1029 2508 1129 2596 galeis
1152 2513 1266 2574 onusta

116 2617 148 2678 et
169 2617 303 2698 gravata
337 2634 393 2696 per
426 2613 543 2678 multos
574 2619 764 2679 mercatores
796 2621 829 2678 et
851 2615 1050 2679 mercantias.
1097 2613 1133 2677 In
1157 2614 1265 2679 eadem

113 2719 206 2804 galea
220 2719 366 2782 stetimus
388 2739 496 2783 omnes
519 2719 609 2803 quasi
626 2719 738 2784 inclusi
765 2742 861 2804 usque
885 2721 924 2786 ad
947 2718 1265 2804 quartamdecimam

113 2825 197 2889 diem
218 2823 335 2888 mensis
359 2823 514 2904 predicti,
549 2823 610 2888 hoo
642 2831 688 2889 est
712 2846 811 2910 usque
835 2827 873 2891 ad
897 2826 1039 2910 quinque
1062 2825 1136 2890 dies.
1182 2822 1264 2888 Nam

114 2929 218 2994 Mauri
244 2933 417 2993 tennerunt
447 2951 544 2993 unum
569 2935 740 3013 patronum
775 2931 813 2994 de
834 2929 941 3014 gallea
973 2930 1011 2994 de
1033 2929 1174 3005 traifioa,
1208 2950 1265 2993 nee

113 3035 176 3100 alie
199 3033 289 3118 galee
312 3033 472 3098 audebant
495 3033 551 3114 ire,
575 3035 636 3098 nisi
653 3056 761 3098 omnes
785 3039 890 3098 essent
912 3035 1007 3098 simul
1031 3057 1051 3097 a
1067 3033 1187 3098 Mauris
1210 3055 1263 3098 ex·

113 3141 214 3226 pediti
239 3143 271 3204 et
294 3139 424 3205 dimissi.
470 3138 629 3203 Dixerunt
653 3139 820 3250 nonnulli,
844 3139 928 3224 quod
951 3138 1092 3204 finuliter
1116 3139 1161 3221 [p.
1187 3138 1264 3222 115]

185 3280 198 3332 l
220 3276 299 3331 Anah
318 3277 362 3330 fur
380 3276 488 3331 Tnuher
508 3276 564 3330 und
584 3275 695 3346 Spiegsl
722 3277 802 3332 hatte
828 3276 889 3331 eins
908 3277 1117 3346 unvorsiehbigo
1142 3277 1266 3331 anadhe-

114 3385 190 3438 rung
218 3383 256 3420 an
274 3364 361 3420 dieses
379 3365 483 3421 schloas
502 3364 569 3419 bald
588 3365 769 3420 bedsnlrliohe
788 3365 883 3434 fulgen
902 3364 1017 3434 gehabt.
1053 3364 1098 3420 Sis
1115 3364 1217 3419 kamen
1236 3364 1265 3418 in

112 3455 164 3510 den
187 3453 324 3510 vardaoht
341 3453 389 3508 des
408 3452 591 3523 spioniersns,
609 3452 724 3506 vvurden
744 3452 967 3522 festgenommen
996 3451 1053 3506 und
1077 3455 1135 3506 erat
1154 3451 1205 3505 auf
1221 3451 1266 3506 die

113 3541 303 3610 vermittlung
332 3541 380 3595 des
400 3543 490 3596 venet.
509 3541 619 3597 consuls
649 3539 695 3594 hin
718 3538 819 3594 wieder
846 3539 897 3594 frei
921 3538 1054 3608 gegeben.
1091 3538 1187 3594 Riatar
1207 3541 1264 3596 124.

112 3629 251 3684 2Diesea
270 3645 372 3683 namen
400 3628 474 3682 finde
500 3627 545 3682 ioh
573 3631 650 3684 sonat
673 3627 806 3697 nirgends
824 3623 961 3683 eruthnt.
997 3625 1082 3680 Fabri
1103 3627 1151 3691 lll,
1171 3628 1205 3682 32
1222 3644 1264 3682 er-

113 3718 210 3772 vthnt
239 3716 320 3772 einen
349 3714 461 3769 »consul
491 3714 695 3770 Alexandrinus
718 3713 868 3776 Venetus«,
898 3713 946 3768 der
970 3731 1026 3769 von
1054 3731 1181 3770 anserem
1205 3731 1265 3769 ver·

112 3806 244 3861 sehieden
271 3803 322 3867 ist,
349 3801 394 3856 die
417 3802 495 3857 iahrt
524 3802 597 3856 nach
615 3801 742 3871 Venedig
763 3801 929 3856 mitmauhte
958 3801 1016 3856 und
1045 3801 1179 3857 wahrend
1202 3803 1264 3856 der·

113 3891 206 3947 selben
227 3889 316 3946 starb.
421 3891 437 3943 3
456 3887 510 3941 Der
529 3887 647 3957 richtige
666 3905 748 3942 name
765 3888 803 3942 ist
816 3888 925 3943 Marcus
946 3889 981 3944 ds
997 3889 1149 3946 Loredauo.
1186 3889 1266 3944 Nach

114 3979 194 4036 Fabri
216 3978 263 4046 ΙΙΙ,
285 3977 333 4030 173
353 3976 501 4030 verteilten
520 3976 578 4030 sich
596 3975 641 4031 die
658 3976 750 4046 pilgsr
769 3975 1040 4046 folgendsrmassen:
1066 3977 1265 4043 Brsidenbseh,

115 4067 225 4132 Bicken,
245 4064 338 4128 Fabri,
357 4063 500 4120 lohannes
519 4063 637 4120 barinus
657 4065 716 4118 uud
734 4065 779 4120 die
798 4065 856 4120 drei
876 4065 971 4120 diener
990 4065 1038 4119 des
1056 4066 1156 4134 grafan
1175 4063 1266 4121 Solms

114 4155 212 4210 luhrerr
232 4153 286 4207 mit
306 4151 455 4208 Sebastiam
473 4152 633 4216 Conterini,
654 4151 864 4222 Sohauenberg,
885 4153 990 4223 Caspar
1009 4151 1043 4206 de
1062 4151 1161 4215 Siculi,
1180 4150 1267 4206 Mors·

114 4243 182 4310 pach
203 4241 261 4296 und
283 4240 383 4294 Velsuh
401 4240 454 4296 mit
474 4240 616 4296 bernhard
638 4239 793 4306 Conlatini,
812 4241 943 4296 Walthsr
963 4239 1019 4291 und
1039 4238 1127 4292 irater
1145 4237 1267 4293 Thomas

113 4327 165 4383 mit
182 4329 296 4385 Marcus
316 4327 351 4382 da
370 4327 522 4392 Loredano,
543 4327 734 4399 Rappalslein,
748 4328 894 4394 Metuens,
913 4327 1002 4390 Marx,
1022 4325 1122 4379 Inhrut
1140 4324 1198 4380 und
1216 4325 1265 4382 der

113 4415 224 4474 barbier
241 4413 356 4473 conrad
376 4415 428 4470 ruit
446 4416 572 4472 Andreas
591 4416 625 4472 de
646 4415 799 4474 horsdano.
836 4415 900 4488 Vgl.
920 4433 940 4472 s.
961 4415 992 4472 61
1013 4429 1087 4468 anm.
1107 4413 1132 4470 2.
