3056 4944
812 324 875 389 112

270 505 302 566 et
324 501 397 565 inde
422 503 528 584 potest
550 522 569 564 a
591 499 686 585 longe
703 499 813 565 videri.
858 499 895 563 In
913 501 1019 564 eadem
1036 499 1166 566 civitate
1187 499 1243 566 scl.
1260 499 1415 564 Ramatha

270 605 459 671 habitabant
482 605 542 670 viri
565 605 698 670 studiosi
720 605 754 670 in
778 605 849 689 lege
872 605 1002 685 domini,
1025 605 1133 690 ibique
1158 603 1316 670 habitavit
1337 603 1414 668 Hel·

270 710 370 775 chana
392 733 463 775 cum
486 709 582 774 Anna
603 732 702 775 uxore
726 731 792 792 sua,
816 716 853 774 ut
875 711 1012 775 babetur
1037 713 1052 776 1
1071 709 1198 794 Regum
1222 711 1324 794 leap.
1370 707 1415 773 De

268 816 331 880 ista
346 816 476 881 civitate
494 815 652 880 Ramatba
667 821 736 880 erat
752 814 918 880 Helcbana
940 815 1082 880 detribu
1099 813 1186 894 Levi,
1210 815 1319 901 ibique
1343 836 1414 879 con-

269 921 354 1006 cepit
376 923 474 984 Anna
497 925 529 984 et
552 921 664 1004 genuit
680 926 823 984 sanctum
841 919 1032 1004 prophetam
1048 917 1236 1000 Samuelem,
1261 925 1298 985 ut
1312 913 1415 984 ¹habe·

269 1032 323 1091 tur
345 1027 464 1091 ibidem
487 1027 506 1088 2
530 1025 679 1109 capitulo.
726 1025 767 1090 Et
789 1029 939 1110 postqum
955 1026 1170 1090 ablactaverat
1192 1047 1274 1104 eum,
1298 1023 1415 1090 obtulit

269 1155 342 1196 eum
360 1133 488 1197 domino
504 1132 625 1196 cunctis
640 1131 750 1195 diebus
766 1131 831 1194 suis
846 1133 985 1195 serviens
1007 1130 1064 1194 deo
1080 1131 1113 1194 in
1130 1129 1217 1214 Sylo.
1255 1130 1298 1194 Et
1313 1128 1414 1194 factus

270 1242 318 1300 est
333 1259 468 1322 magnus
492 1241 524 1301 et
538 1241 665 1301 sanctus
681 1235 840 1319 propbeta
855 1236 889 1299 in
905 1241 1076 1320 conspectu
1092 1236 1221 1300 domini.
1267 1235 1308 1300 Et
1324 1234 1414 1298 unxit
1503 1291 1504 1304 ,

266 1341 341 1406 Saul
353 1342 386 1406 in
396 1363 502 1425 regem
515 1346 547 1405 et
558 1341 682 1405 demum
693 1341 834 1424 predixit
850 1341 912 1404 sibi
931 1340 1172 1405 translationem
1186 1341 1276 1424 regni
1287 1340 1321 1403 in
1333 1339 1413 1402 alte·

265 1471 346 1513 rum.
378 1447 450 1531 lpse
469 1448 564 1511 ctiam
581 1447 673 1510 unxit
693 1446 792 1511 David
815 1447 848 1510 in
875 1467 984 1530 regem
1001 1467 1097 1530 super
1117 1467 1240 1510 omnem
1260 1443 1413 1528 populum

265 1551 372 1617 Israel.
418 1552 459 1616 Et
473 1556 618 1616 mortuus
637 1557 685 1615 est
702 1549 840 1624 Samuel,
865 1555 896 1614 et
918 1551 1007 1615 flevit
1031 1573 1101 1614 eum
1125 1550 1291 1616 universus
1307 1548 1413 1626 lsrael,

264 1663 298 1721 et
312 1656 506 1740 sepelierunt
520 1679 590 1720 eum
606 1656 639 1720 iu
650 1655 817 1734 namecha,
833 1661 869 1720 ut
885 1656 1021 1720 babetur
1038 1657 1054 1719 1
1068 1655 1190 1740 Regum
1203 1655 1222 1719 9
1233 1654 1375 1739 capitulo
1392 1653 1412 1718 ¹.

267 1761 308 1826 Et
318 1767 389 1846 post
398 1762 500 1826 multa
511 1767 689 1845 temporum
700 1761 857 1826 curricula
867 1762 1028 1826 destructa
1039 1767 1086 1824 est
1096 1781 1167 1825 oum
1179 1760 1293 1847 ceteris
1303 1758 1413 1823 civita-

265 1869 360 1944 tibua
373 1867 499 1930 demum
514 1887 588 1930 vero
603 1865 782 1930 reedificata
802 1869 834 1928 et
845 1865 1008 1928 nominata
1029 1869 1076 1928 est
1092 1862 1273 1928 Arimatbia
1285 1860 1310 1940 ¹,
1328 1867 1360 1926 et
1377 1883 1413 1926 ex

266 1972 322 2036 illa
335 1973 470 2055 sumpsit
481 1970 600 2054 loseph
615 1992 729 2034 nomen
744 1970 785 2033 ab
797 1967 989 2048 Arimathia‚
1008 1969 1083 2053 quia
1100 1969 1173 2032 inde
1188 1973 1258 2032 erat
1273 1973 1369 2032 natus
1383 1969 1414 2031 et

264 2077 430 2141 habitabat
449 2077 513 2152 ibi;
536 2077 591 2160 qui
607 2076 753 2158 deposuit
777 2075 1010 2139 sanctissimum
1027 2095 1142 2158 corpus
1158 2073 1253 2138 Ihesu
1270 2074 1309 2138 de
1325 2094 1414 2138 cruce

265 2188 298 2247 et
321 2182 468 2265 sepelivit
491 2181 679 2259 honorifice,
701 2185 738 2244 ut
761 2179 899 2245 babetur
921 2178 1079 2244 lobannis
1104 2180 1153 2242 19.
1200 2177 1375 2262 Propterea
1396 2199 1415 2240 a

263 2287 373 2353 Judeis
396 2291 508 2371 captus
537 2293 570 2350 et
599 2287 631 2349 in
663 2285 799 2370 quodam
830 2285 972 2350 cubiculo
996 2284 1172 2368 diligenter
1195 2283 1340 2368 sigillato
1364 2283 1412 2346 in·

263 2392 369 2457 clusus
392 2397 470 2468 erat,
495 2394 527 2453 et
541 2390 690 2454 volebant
713 2394 785 2472 post
801 2389 950 2454 sabatum
972 2411 1044 2454 eum
1067 2389 1253 2453 interficere.
1300 2387 1412 2452 Ihesus

261 2519 336 2562 vero
359 2495 509 2580 apparuit
542 2496 569 2558 ei
602 2495 635 2558 in
668 2495 772 2578 prima
801 2494 851 2557 die
874 2495 1114 2559 resurrectionis
1147 2496 1179 2558 in
1209 2495 1357 2558 cubiculo
1380 2497 1413 2556 et

261 2599 376 2666 faciem
399 2600 465 2664 eius
488 2599 620 2662 extersit
643 2603 676 2663 et
699 2599 785 2663 dedit
807 2599 835 2662 ei
852 2599 996 2664 osculum
1019 2603 1051 2663 et
1067 2600 1195 2663 intactis
1217 2599 1337 2684 sigillis
1359 2619 1409 2662 re-

260 2706 439 2770 meantibus
461 2705 569 2795 edunit
599 2726 670 2768 eum
701 2709 734 2768 et
762 2705 794 2767 in
828 2705 993 2789 propriam
1017 2705 1145 2769 domum
1168 2705 1202 2768 in
1226 2685 1409 2770 drimathia

261 2812 386 2875 reduxit
396 2810 419 2874 ⁸.
465 2808 560 2873 Hunc
581 2808 686 2874 locum
716 2831 779 2874 non
803 2810 938 2873 visitant
967 2809 1149 2895 peregrini,
1181 2830 1238 2874 neo
1259 2809 1410 2873 videntur

261 2915 306 2979 ibi
329 2937 393 2980 esse
416 2913 623 2998 indulgentie.

346 3021 501 3086 Anathot.
546 3019 680 3084 Domum
704 3019 815 3084 statim
838 3021 877 3083 ad
901 3019 1053 3083 manum⁴
1076 3019 1202 3083 videtur
1226 3017 1408 3099 Anathot⁶‚

825 3124 841 3154 ff

263 3177 305 3230 als
325 3175 369 3230 die
390 3175 504 3230 ›beiden
526 3175 662 3230 hamah«,
733 3177 750 3228 4
769 3174 897 3228 Welcbcs
916 3175 964 3227 der
983 3173 1085 3228 andere
1102 3173 1163 3228 bier
1180 3175 1322 3244 gemeinte
1340 3176 1410 3244 berg

260 3263 316 3328 ist,
336 3280 416 3332 vage
433 3263 477 3316 ich
496 3261 575 3316 nicht
594 3280 627 3314 au
647 3261 827 3324 bestimmen;
856 3261 996 3316 viellcicht
1014 3261 1157 3332 el-Bordij.
1193 3263 1276 3317 (iuer.
1295 3281 1320 3317 a.
1340 3281 1365 3318 a.
1384 3281 1409 3319 0.

335 3355 347 3404 l
368 3350 393 3402 N
396 3350 448 3404 acb
461 3348 645 3417 Hieronymus
660 3349 773 3402 wurden
792 3349 837 3402 die
850 3347 966 3417 gebeina
980 3346 1106 3404 Samuele
1123 3351 1162 3402 im
1171 3350 1254 3420 jahre
1265 3350 1318 3405 406
1336 3350 1409 3404 nach

259 3437 411 3500 Thracian,
439 3437 497 3490 und
525 3437 596 3490 nach
624 3436 796 3506 Nicephorus
824 3435 959 3490 Callistus
989 3455 1043 3493 von
1077 3439 1142 3494 dort
1168 3441 1241 3494 nach
1268 3439 1407 3495 Constan-

259 3525 367 3594 tinopel
387 3524 565 3593 tibertragen.
595 3522 672 3578 Tobl.
691 3523 758 3594 Top.
777 3524 813 3588 ΙΙ,
826 3523 886 3580 882.
957 3526 974 3578 2
993 3524 1061 3579 Eine
1081 3527 1185 3582 andere
1197 3527 1344 3592 tradition,
1363 3526 1408 3580 die

258 3612 317 3666 sich
337 3614 388 3666 auf
398 3611 591 3680 Hieronymus,
611 3611 698 3682 Epist.
712 3613 748 3666 ad
762 3613 889 3669 Eustoch.
908 3614 965 3667 und
977 3615 1158 3686 Epitaphium
1178 3615 1290 3682 Paulae,
1309 3617 1407 3677 etlltat,

258 3701 340 3754 sucht
367 3699 417 3753 das
444 3699 724 3754 ncutcstamentliche
751 3699 917 3754 Arimathea
944 3703 973 3755 in
992 3702 1098 3757 Ramla.
1133 3703 1195 3770 Vgl.
1220 3705 1268 3758 105
1287 3721 1361 3757 anm.
1383 3705 1405 3760 1.

260 3785 377 3858 Splltere
398 3786 599 3842 identifizieren
618 3804 646 3841 es
665 3787 881 3858 (vrieWaltbcr)
901 3789 954 3843 mit
972 3789 1045 3844 Nobi
1063 3790 1212 3845 Schamwil
1230 3790 1295 3846 oder
1314 3791 1407 3846 lassen
1476 3777 1479 3786 ’

258 3893 286 3930 es
305 3877 335 3928 in
353 3874 450 3929 dassen
468 3872 542 3929 nahe
560 3875 660 3944 hegen,
679 3876 731 3930 wie
749 3875 816 3930 Lud.
829 3894 852 3932 v.
864 3876 949 3931 Sudb.
959 3878 1002 3943 93,
1022 3878 1117 3934 ltietcr
1132 3878 1165 3932 19
1182 3878 1243 3932 und
1259 3878 1350 3934 Gbist.
1364 3879 1406 3934 73.

258 3965 275 4018 3
303 3963 384 4017 Diese
412 3979 463 4016 aus
480 3963 543 4016 dem
563 3964 740 4032 evangelium
759 3963 903 4019 Nicodemi
922 3983 1104 4035 genommene
1133 3966 1250 4034 legende
1267 3967 1341 4022 finde
1359 3967 1405 4021 ich

256 4067 310 4104 nur
331 4050 401 4106 noch
419 4050 462 4104 bei
482 4050 572 4104 einem
590 4052 691 4120 pilger.
719 4049 850 4120 Conrady
870 4053 928 4108 128.
1001 4053 1117 4108 lNacb
1136 4071 1251 4108 manum
1270 4055 1345 4124 lolgt
1363 4056 1402 4110 im

257 4137 348 4192 Codex
371 4138 414 4192 ein
435 4137 522 4192 leercr
539 4155 620 4192 raum
639 4156 693 4194 von
714 4139 745 4192 18
764 4157 820 4193 mm
840 4141 932 4210 langa.
1005 4145 1021 4195 5
1042 4143 1182 4206 Anatbot‚
1207 4144 1256 4196 der
1274 4143 1402 4212 geburts·

256 4227 302 4278 ort
330 4223 378 4278 des
405 4225 559 4295 propheten
577 4226 720 4291 ieremias,
747 4227 841 4282 wurde
870 4229 942 4284 nach
960 4229 1039 4286 Tobl.
1061 4230 1126 4300 Top.
1151 4231 1186 4296 ll,
1210 4231 1261 4286 752
1280 4237 1337 4288 erst
1362 4235 1403 4288 im

258 4313 290 4364 16
306 4311 401 4380 jahrb.
422 4312 495 4366 nach
513 4312 612 4368 Kariet
630 4313 749 4368 el·Enab
773 4317 848 4383 (Abu
867 4317 967 4389 Goscb)
987 4319 1106 4386 verlegt.
1145 4319 1293 4376 Vielleicbt
1311 4321 1402 4392 aeigte

256 4413 323 4454 man
341 4415 369 4452 es
388 4416 422 4452 nu
436 4398 580 4455 Waltbers
597 4399 652 4454 neit
669 4399 775 4471 ricbtig
792 4419 825 4455 zu
846 4404 954 4469 Anaia3
974 4403 1143 4474 venigstens
1161 4407 1272 4463 stimmt
1290 4409 1335 4466 die
1353 4427 1402 4466 an·
