3054 4944
657 332 721 400 271

299 509 346 594 [p.
370 509 448 593 224]
474 507 521 574 De
543 508 813 574 inhabitatoribus
836 507 956 574 montis
979 506 1075 592 Syon.

197 613 273 682 Non
295 619 463 680 morantur
484 614 519 678 in
541 617 611 679 tota
633 619 721 678 tarra
741 618 851 678 sancta
873 635 931 678 nec
953 614 985 678 in
1009 619 1120 680 sancta
1135 616 1264 682 civitate

112 719 309 786 Iberusalam
332 718 432 804 aliqui
448 718 590 802 religiosi
610 719 744 783 alicuius
760 719 880 783 ordinis
902 739 961 782 nec
975 720 1153 785 sacerdotes
1174 741 1263 787 secu·

111 827 210 904 lares,
235 823 293 910 qui
315 822 381 888 sint
406 823 472 886 veri
497 823 656 902 catholici,
689 823 826 907 demptis
849 822 1004 888 fratribus
1027 824 1204 890 minoribus
1227 828 1265 891 de

111 930 325 1010 observantia,
343 949 421 1014 quos
432 929 577 994 dominus
590 951 672 994 anno
688 949 742 994 sna
756 929 919 994 benedicte
928 929 1157 996 incarnationis
1170 931 1265 1012 1401,

114 1043 145 1103 et
166 1035 262 1101 hodie
286 1037 364 1098 sunt
387 1033 428 1096 82
453 1034 548 1112 anni,
576 1033 686 1098 adsui
710 1034 848 1114 nominis
871 1033 997 1100 laudem
1019 1040 1051 1100 et
1073 1037 1112 1100 ad
1135 1037 1266 1102 luminis

112 1143 185 1209 fidei
217 1140 374 1206 catholice
405 1141 675 1206 continuationem
708 1139 781 1205 illos
810 1140 974 1224 perduxit,
1010 1143 1042 1204 et
1074 1163 1112 1206 ex
1134 1141 1265 1225 speciali

114 1248 220 1334 gratia
241 1267 343 1331 usque
365 1246 404 1310 ad
427 1266 556 1329 presens
578 1249 722 1328 tempus,
752 1244 807 1309 scl.
832 1267 915 1311 anno
938 1247 1058 1310 domini
1083 1246 1168 1312 1483
1190 1269 1265 1312 con·

114 1355 263 1433 servavit,
287 1373 366 1438 quos
390 1357 422 1416 et
444 1350 564 1417 futuris
587 1351 785 1436 temporibus
809 1353 842 1416 in
865 1350 971 1434 gratia
993 1355 1026 1414 at
1048 1373 1125 1434 pace
1140 1373 1265 1417 conser-

114 1482 188 1526 vare
212 1460 373 1544 dignetur,
397 1457 496 1522 donec
518 1457 676 1541 placuerit
702 1478 757 1522 sus
780 1457 885 1522 divine
909 1457 1078 1522 clementie
1099 1458 1165 1522 suis
1190 1458 1266 1522 lide-

114 1565 198 1630 libus
213 1563 367 1628 offensam
382 1561 544 1628 dimittere
567 1567 599 1628 et
614 1566 735 1628 terram
750 1567 893 1628 sanctam
915 1563 953 1626 ad
971 1583 1082 1626 manus
1097 1563 1267 1628 eorundem
1373 1615 1377 1624 .

115 1670 284 1736 restituere
301 1668 321 1732 ¹.
368 1667 585 1734 Prenominati
610 1691 736 1754 quoque
758 1669 884 1748 fratres,
906 1667 968 1732 viri
992 1667 1142 1752 religiosi,
1166 1669 1266 1752 possi-

116 1775 194 1840 dent
215 1773 451 1840 sanctissimum
474 1773 580 1840 locum
611 1775 730 1839 montis
752 1771 838 1858 Syon
862 1779 1026 1857 tamqnam
1050 1775 1213 1858 peregrini
1235 1780 1268 1838 et

117 1880 247 1956 advene,
263 1885 480 1962 exspectantes
497 1880 586 1964 quasi
602 1880 689 1945 omni
706 1879 784 1942 hora
798 1879 937 1962 recipere
950 1878 1114 1961 expulsum
1132 1879 1178 1962 [p.
1190 1879 1267 1964 225]

118 1985 257 2052 maxime
281 1985 407 2070 quando
430 2004 493 2048 non
517 1982 677 2048 solverent
699 1983 830 2048 soldano
854 1981 931 2046 XIV
960 1981 1091 2047 ducatos
1121 2005 1179 2066 pro
1208 1985 1268 2048 tri·

120 2091 198 2156 buto
220 2093 330 2174 preter
352 2088 431 2152 alias
453 2087 633 2166 instantias,
658 2108 736 2172 quas
759 2087 926 2169 patiuntur
950 2088 1092 2172 qnotidie
1106 2084 1130 2154 ².

269 2191 315 2280 [p.
339 2193 419 2276 226]
442 2191 490 2257 De
512 2195 593 2270 orto,
616 2192 671 2257 ubi
695 2192 844 2256 sederunt
865 2195 939 2256 octo
962 2193 1119 2277 discipuli.

208 2297 318 2364 lhesus
341 2319 485 2383 egressus
506 2302 647 2364 montem
671 2295 757 2382 Syon
781 2301 813 2360 et
835 2297 999 2362 civitatem
1015 2297 1211 2365 Ihernsalem
1237 2305 1269 2366 et

121 2404 310 2470 descendens
332 2408 482 2483 montem,
506 2403 625 2468 habens
648 2402 681 2466 in
704 2401 804 2466 latere
825 2401 956 2467 sinistro
979 2425 1105 2468 murum
1120 2404 1270 2487 civitatis,

121 2509 278 2593 palatium
300 2506 478 2574 Salamonis
502 2513 534 2572 et
555 2509 712 2592 templum
734 2507 870 2587 domini,
893 2507 933 2572 ad
956 2509 1039 2592 quod
1063 2509 1156 2574 beata
1179 2511 1270 2594 virgo

122 2613 224 2678 Maria
245 2614 309 2678 fuit
323 2618 506 2698 presentata
517 2612 540 2690 ⁸,
565 2616 598 2676 et
619 2612 679 2676 ivit
695 2617 783 2676 trans
799 2616 972 2676 torrentem
988 2611 1121 2693 Cedron,
1143 2615 1199 2678 ubi
1222 2621 1270 2680 est

119 2721 213 2785 modo
236 2740 316 2803 pons
337 2722 482 2784 muratus
503 2718 586 2782 sieut
607 2717 770 2801 lapideus,
804 2722 837 2780 et
867 2717 900 2780 in
922 2717 1070 2800 opposito
1092 2719 1200 2802 pontia
1231 2720 1270 2784 ud

686 2850 706 2887 ᾖ

193 2932 205 2986 1
227 2923 1158 2996 110033003300010011000003000030300300Ρο130310010000300
1169 2926 1271 2983 hatten

121 3015 650 3084 310300001030000003001033001113,
671 3015 741 3070 noch
760 3032 792 3066 nu
806 3013 943 3068 labaeiten
961 3012 1034 3068 ihrea
1047 3013 1162 3080 stiftera,
1183 3013 1271 3071 iesten

120 3103 171 3159 suc
185 3103 215 3158 in
226 3101 373 3158 Paltstina
391 3121 425 3156 au
436 3103 528 3158 100000
539 3103 655 3172 gasucht
669 3101 725 3154 und
737 3101 829 3169 einige
842 3099 1091 3171 niederlassungen
1105 3102 1271 3172 gegrltndet.

122 3193 197 3247 3300
215 3193 273 3246 erat
290 3190 329 3244 im
344 3190 428 3260 jahre
447 3191 515 3247 1333
533 3190 636 3244 haman
654 3188 693 3243 sia
710 3187 798 3242 durch
826 3187 870 3244 die
889 3188 1087 3258 bemdhnngen
1105 3189 1153 3246 des
1171 3191 1272 3262 kbnigs

122 3281 230 3337 Robart
248 3296 302 3335 von
313 3275 428 3334 Sicilien
447 3278 503 3333 und
523 3278 620 3334 descen
638 3276 784 3347 gemahlin
804 3276 904 3330 Saucia
923 3276 952 3331 in
969 3277 1024 3332 dan
1043 3277 1207 3334 definitiven
1226 3280 1273 3336 be-

122 3367 176 3423 aitz
194 3367 244 3422 des
261 3367 380 3422 klostera
400 3383 463 3422 rom
482 3365 566 3434 berge
585 3361 651 3420 Sion
676 3363 729 3416 mit
754 3363 849 3418 aeinen
867 3362 1075 3432 heiligtdmern.
1115 3365 1175 3422 Wie
1194 3367 1273 3423 Wal-

122 3457 187 3511 thar
205 3473 240 3509 su
258 3453 307 3510 dar
324 3452 385 3509 hier
403 3453 565 3524 gegebenen
580 3451 730 3522 jahraahl,
749 3450 794 3506 die
813 3451 865 3504 auf
880 3450 990 3508 kaihem
1009 3453 1208 3510 schreibfehler
1225 3455 1272 3510 be·

121 3543 212 3598 ruhen
230 3541 317 3606 kann,
335 3539 411 3606 kam,
432 3541 470 3594 ist
487 3538 687 3595 unerhltrlich.
724 3539 804 3594 Siehe
822 3539 1273 3612 3000030008ορ0,100.1,52011.

123 3629 203 3688 Tobl.
213 3629 281 3700 Tap.
292 3629 326 3694 ll,
338 3630 387 3684 117
404 3629 432 3682 ff.
442 3629 498 3684 und
509 3627 593 3683 Fabri
604 3627 640 3692 11,
649 3629 701 3683 318
711 3627 739 3684 ff.
792 3628 808 3680 2
822 3625 888 3696 Vgl.
904 3628 994 3683 0141.
1015 3628 1218 3702 llinedersrtig
1227 3649 1273 3701 ga·

124 3735 196 3774 nane
206 3717 318 3787 angabe
328 3717 396 3772 siber
405 3715 459 3772 den
466 3735 520 3772 von
530 3715 598 3772 seito
608 3715 766 3771 derbrdder
775 3733 809 3770 zu
816 3715 1030 3772 entrichtcnden
1040 3718 1132 3773 tribub
1141 3719 1216 3775 finde
1227 3719 1272 3775 ich

126 3809 204 3862 sonat
214 3805 356 3876 nirgands.
393 3805 460 3860 Hier
470 3804 544 3874 lolgt
558 3804 599 3858 im
611 3803 695 3859 codex
705 3803 774 3860 noch
785 3803 847 3858 eine
857 3801 1026 3873 bageisterte
1036 3805 1217 3876 schildernng
1225 3807 1273 3863 des

125 3893 221 3949 103000
240 3892 298 3948 und
316 3893 365 3948 der
384 3892 527 3962 tugeuden
545 3891 594 3947 der
612 3891 728 3948 mdnche
747 3909 809 3948 vom
829 3891 914 3962 berga
934 3892 1008 3950 Sion.
1092 3894 1206 3951 3th
1225 3894 1274 3950 der

126 3980 266 4038 tradition
283 3979 376 4050 bagab
394 3979 452 4035 sich
471 3980 550 4036 10000
569 3997 606 4034 un
625 3979 673 4035 der
688 3979 809 4036 sddseite
829 3979 878 4035 dar
891 3981 1076 4048 stadtmauer‚
1095 3983 1155 4038 0100
1174 3979 1274 4038 andar-

126 4069 194 4126 hclb
212 4069 263 4124 der
281 4067 370 4132 stadt,
389 4067 462 4124 noch
480 4068 530 4124 der
544 4061 612 4124 faier
630 4067 678 4122 des
691 4068 894 4124 abendmahles
907 4087 972 4126 vom
986 4069 1070 4140 berge
1083 4071 1156 4138 Syon
1175 4069 1205 4124 in
1223 4071 1274 4126 dns

126 4157 304 4214 Kidrcnthal.
342 4156 398 4211 Das
416 4156 557 4226 palatium
575 4155 731 4212 Salomonis
748 4156 844 4212 werde
862 4175 919 4212 von
947 4157 996 4212 der
1023 4156 1162 4212 tradition
1185 4157 1275 4214 neben

126 4245 170 4300 dia
188 4243 405 4300 Akra-muschus
424 4244 548 4315 verlegt,
575 4243 633 4300 und
652 4243 682 4298 in
701 4243 790 4300 dieser
808 4243 897 4300 salbst
915 4243 1051 4300 erbliclrte
1068 4243 1114 4299 die
1133 4243 1194 4300 hier
1212 4247 1275 4301 sehr

127 4331 331 4388 schwantande
350 4331 489 4388 tradition
508 4332 575 4388 bald
594 4331 791 4402 dantporticus
803 4331 968 4396 Salomonis,
988 4330 1055 4386 bald
1074 4331 1125 4386 das
1138 4331 1276 4402 templum

126 4418 285 4476 Salomonis
303 4419 360 4474 ond
380 4419 505 4490 verlagte
522 4420 552 4474 10
578 4417 699 4474 dieselbc
724 4419 769 4476 die
787 4419 967 4488 deratallnng
992 4418 1040 4474 das
1057 4417 1156 4476 hindar
1175 4421 1276 4491 Maria,
