3054 4942
8 541 9 550 ¹
80 520 135 597 est,
158 517 215 582 uhi
239 537 325 580 nune
343 514 513 600 requiescit
528 512 549 580 ¹.
595 513 678 579 Item'
700 515 733 578 in
757 513 865 578 eadem
881 512 1013 578 ecclesia
1035 516 1120 578 retro
1143 533 1228 578 sum·

79 645 163 687 mum
188 621 292 688 altare
316 625 365 685 est
388 619 485 699 locus,
508 619 542 684 in
566 642 628 704 quo
644 620 735 684 stetit
752 620 850 684 rubus
866 619 979 682 ardens
1000 623 1033 682 et
1055 639 1117 683 non
1143 639 1228 682 com·

78 729 206 807 burens,
232 747 326 811 quem
351 725 433 789 vidit
456 723 581 810 Moyses
605 725 730 790 minans
754 745 827 788 oves
849 723 941 788 detro
964 744 1071 788 socero
1094 743 1167 802 suo,
1198 726 1230 786 et

78 833 343 917 appropinquans
365 829 447 894 dixit
462 829 608 894 dominus
632 831 671 894 ad
695 852 766 895 eum
790 829 828 894 de
847 828 943 893 rubo:
970 826 1038 893 >Ne
1055 828 1229 912 appropin-

81 960 174 1024 ques3
199 938 323 1020 depone
340 933 553 1000 calceamenta
574 938 641 1013 tua,
664 935 740 1020 quia
762 939 858 1013 terra,
881 935 912 997 in
938 955 1001 1018 qua
1022 936 1096 1010 stas,
1120 937 1230 997 sancta

80 1047 156 1107 est«
206 1041 258 1107 lbi
282 1046 331 1106 est
353 1040 447 1105 hodie
469 1039 616 1123 plenaria
639 1039 781 1104 remissio
805 1039 947 1104 omnium
962 1041 1174 1122 peecatorum,
1198 1042 1231 1102 et

81 1149 265 1214 accedentes
288 1145 450 1229 peregrini
478 1145 641 1228 deponunt
664 1144 876 1208 calceamenta
891 1141 912 1208 ¹.
959 1142 997 1206 ln
1030 1143 1138 1207 eodem
1162 1164 1229 1207 mo·

80 1253 219 1319 nasterio
256 1255 304 1316 est
339 1253 452 1334 puteus
485 1272 558 1314 eum
592 1271 675 1334 aqua
707 1249 788 1313 viva.
836 1248 878 1313 Et
901 1248 1078 1334 quievimus
1111 1247 1228 1312 ibidem

79 1359 216 1424 secunda
239 1362 272 1422 et
295 1357 392 1421 tertia
413 1355 494 1419 ferie
505 1353 529 1420 ⁸.
573 1353 655 1419 Item
670 1354 752 1419 feria
767 1357 882 1438 quarta
898 1353 954 1437 [24
969 1352 1073 1440 Sept]
1091 1353 1229 1419 surrexi·

79 1485 147 1528 mus
170 1482 266 1526 mane
293 1459 378 1524 iufra
400 1459 511 1524 horem
534 1460 662 1523 tertiam
688 1463 721 1524 et
744 1463 907 1543 quartem,
930 1461 963 1523 st
986 1459 1139 1524 exivimus
1162 1479 1229 1522 mo·

80 1568 273 1645 hasterium,
298 1569 426 1629 stante
449 1568 576 1648 portam
598 1563 825 1630 declinavimus
854 1565 893 1630 ad
916 1587 1045 1630 manum
1066 1565 1229 1629 sinistram

83 1679 113 1738 et
128 1672 243 1736 statim
259 1669 456 1735 ascendimus
471 1675 595 1734 montes
610 1669 633 1734 ⁴.
680 1669 722 1733 Et
745 1671 777 1734 in
794 1670 882 1734 exitu
898 1674 1008 1734 nostro
1024 1674 1230 1734 accurrerunt

81 1778 200 1857 Arabi,
235 1796 300 1839 non
323 1775 425 1840 nostri
448 1773 501 1837 sed
524 1774 630 1853 slieni,
664 1776 781 1858 plures,
805 1774 947 1840 volentes
969 1779 1099 1858 portare
1122 1780 1230 1840 nostre

81 1882 244 1961 victualia,
269 1884 300 1945 et
323 1903 394 1945 cum
422 1879 594 1945 noluerunt
616 1881 735 1945 domini
754 1881 928 1964 peregrini,
949 1881 1024 1965 quia
1045 1879 1133 1945 fures
1155 1886 1231 1944 sunt

82 1997 114 2054 et
138 1989 344 2052 devorassent
367 1985 411 2049 eis
438 1985 554 2064 omnia,
578 1986 737 2067 indignati
760 1990 871 2050 eontra
893 2008 951 2052 nos
973 2008 1036 2051 non
1062 1986 1231 2052 voluerunt

82 2095 281 2178 permittere,
306 2092 389 2176 quod
406 2091 590 2170 Christiani,
614 2091 669 2176 qui
684 2095 841 2156 venerunt
856 2093 1031 2172 nobiscum,
1052 2097 1229 2176 portarent.

85 2199 125 2263 Et
149 2198 236 2264 facta
258 2201 307 2261 est
326 2200 417 2260 tanta
432 2195 589 2260 discordia
611 2200 643 2260 et
660 2195 788 2276 clamor,
812 2197 896 2281 quod
919 2197 968 2262 bis
983 2198 1157 2282 incepimus
1179 2221 1230 2263 re-

82 2305 162 2369 verti
197 2304 237 2368 ad
260 2301 495 2368 monasterium.
541 2300 654 2366 Nostri
686 2306 793 2366 tamen
816 2302 1006 2382 clamantes,
1041 2306 1073 2366 et
1096 2304 1230 2368 maxime

83 2411 187 2476 socius
209 2429 308 2486 meus,
333 2407 388 2492 qui
411 2406 504 2471 scivit
526 2405 615 2491 loqui
639 2407 791 2491 linguam
815 2429 934 2486 eorum,
957 2409 1115 2472 minantes
1139 2430 1230 2474 aceu-

86 2537 155 2579 sare
179 2535 234 2578 eos
249 2511 331 2596 apud
347 2511 523 2588 soldanum,
548 2513 579 2574 et
601 2511 646 2574 sie
665 2511 854 2576 dimiserunt
876 2533 933 2577 nos
955 2513 1001 2578 ire
1014 2512 1035 2576 ⁶.
1082 2513 1124 2577 Et
1141 2513 1230 2598 quasi

83 2623 122 2686 ad
145 2619 279 2684 mediam
296 2619 419 2702 partem
437 2617 554 2680 montis
570 2615 775 2680 transivimus
790 2617 917 2696 clivum,
942 2621 974 2682 et
989 2621 1099 2701 postea
1121 2619 1229 2682 statim

83 2725 263 2789 invenimus
277 2721 432 2805 capellam
449 2726 664 2786 constructam
679 2722 712 2784 in
729 2721 849 2785 honore
865 2722 955 2787 beate
967 2723 1068 2787 Maris
1083 2723 1229 2807 virginis,

647 2848 662 2878 θ

152 2935 165 2988 l
186 2918 261 2987 liber
272 2931 318 2986 die
332 2931 454 2986 altesten
467 2929 579 3000 quellen
596 2929 646 2986 der
660 2929 937 3000 Kathsrinalegende
950 2929 1025 2986 siehe
1041 2931 1086 2987 die
1098 2931 1230 3000 angeben

79 3023 123 3078 bei
141 3021 273 3090 Conrady
291 3019 345 3077 348
363 3019 393 3074 ff.
464 3021 481 3073 2
500 3019 562 3074 Von
581 3019 794 3090 gleichzeitigen
812 3019 924 3090 pilgern
947 3019 998 3073 hat
1023 3035 1074 3073 uns
1092 3019 1177 3074 Fabri
1195 3019 1230 3086 Il,

79 3113 131 3166 490
145 3109 190 3166 bis
208 3111 262 3165 499
280 3108 343 3164 eine
360 3108 424 3163 sehr
437 3107 626 3164 ausfdhrliche
638 3107 841 3178 beschreibung
859 3107 909 3162 der
928 3107 1023 3162 kirche
1035 3107 1230 3171 hinterlassen,

79 3199 201 3260 'lhchen
231 3196 322 3253 Ghist.
341 3196 399 3252 und
417 3195 610 3252 Breidenbach
637 3197 730 3251 fassen
757 3197 816 3251 sich
834 3196 889 3251 viel
915 3197 1022 3250 hdraer.
1059 3195 1109 3250 Die
1126 3195 1230 3262 hir-che,

81 3288 184 3342 welche
201 3287 233 3340 in
252 3285 302 3340 der
314 3284 396 3340 mitte
415 3284 464 3340 des
477 3283 766 3354 gebandehomplexes
784 3285 867 3348 steht,
887 3285 925 3339 ist
943 3284 1004 3339 eine
1017 3283 1230 3348 altehristliche,

79 3373 285 3443 dreischifflge,
315 3372 458 3428 dberreich
477 3373 599 3443 geeierte
624 3372 759 3438 basilika;
788 3373 839 3428 das
857 3371 1033 3427 mittelschiff
1048 3372 1086 3426 ist
1103 3371 1230 3427 ziemlieh

78 3463 158 3526 boch,
176 3461 224 3517 die
242 3433 429 3517 seitenechille
448 3461 586 3530 dagegen,
605 3460 709 3516 welche
728 3477 792 3516 vom
807 3459 985 3515 mittelschiff
1001 3460 1088 3514 durch
1103 3462 1134 3531 je
1153 3461 1230 3516 seehs

77 3551 176 3606 sanlen
195 3551 331 3621 getrennt
349 3549 477 3614 werden,
497 3548 559 3603 sind
579 3548 697 3619 niedrig.
734 3549 961 3604 Kdnstlerischen
981 3549 1038 3605 und
1057 3549 1231 3619 aroheologi·

80 3639 164 3692 rehen
183 3639 256 3691 vvert
273 3635 366 3692 haben
385 3636 534 3693 besonders
552 3636 597 3692 die
616 3655 666 3692 aus
683 3636 746 3691 dem
766 3639 781 3692 ‘l
800 3637 867 3692 oder
886 3638 902 3690 8
912 3637 1007 3708 jahrh.
1026 3638 1230 3702 etmenden,

79 3729 132 3796 gut
149 3725 319 3780 erhaltenen
337 3724 480 3780 mosailren
498 3724 547 3779 der
566 3724 650 3795 apsis.
687 3723 738 3781 Die
752 3725 863 3795 hapelle
882 3724 931 3780 des
950 3725 1129 3781 brennenden
1148 3725 1230 3782 dorn-

80 3814 197 3868 busehes
215 3811 340 3867 belindet
358 3812 416 3867 sich
433 3811 528 3868 hinter
546 3812 596 3867 der
615 3812 689 3882 apsis
708 3812 765 3866 und
783 3812 821 3868 ist
836 3813 909 3869 vvohl
929 3813 977 3867 der
996 3814 1096 3868 alteste
1114 3812 1164 3867 teil
1183 3813 1230 3866 des

81 3919 189 3972 gamen
209 3899 380 3954 bauvcrlres.
416 3900 500 3956 Baed.
520 3900 569 3954 591
590 3899 617 3954 ff.
689 3898 819 3956 3Dieser
837 3903 950 3971 rasttag
968 3901 1063 3956 vverde
1077 3899 1230 3956 anfbitten

80 3990 129 4046 der
145 3987 277 4044 kranken
296 3988 387 4058 pilper
405 3989 548 4060 gehalten.
619 3989 705 4044 4Di0
723 3989 850 4044 kranlven
870 3991 993 4043 moseten
1007 3986 1229 4042 aurdclrbleiben.

82 4077 131 4131 Ale
149 4075 249 4130 fuhrer
267 4076 362 4131 diente
387 4075 436 4131 der
454 4076 557 4146 griech.
577 4076 680 4132 bruder
698 4075 873 4133 Nicodemus.
910 4077 965 4132 Der
984 4095 1037 4132 von
1056 4091 1158 4128 unsern
1178 4075 1230 4143 pil·

79 4183 151 4236 geru
170 4165 320 4236 gemachte
339 4181 401 4234 weg
419 4165 456 4218 ist
475 4182 530 4222 von
551 4165 633 4221 Baed.
646 4165 698 4222 525
716 4165 844 4221 ziemlich
863 4183 957 4235 genae
969 4163 1157 4219 beeohrieben.
1197 4163 1230 4216 Er

75 4257 115 4309 ist
135 4253 202 4309 steil
223 4251 282 4307 und
299 4251 352 4306 hat
369 4253 412 4306 bis
430 4269 467 4308 an
486 4253 531 4308 die
548 4255 637 4324 spitze
659 4253 703 4308 bei
722 4254 791 4308 3000
803 4253 904 4308 stelen.
942 4253 1006 4322 Vgl.
1019 4250 1103 4325 Fabri
1116 4249 1150 4316 ΙΙ,
1169 4251 1230 4315 459,

76 4341 163 4396 Harii
182 4341 232 4396 125
254 4339 312 4394 und
331 4337 420 4394 Ghiet.
439 4341 505 4408 222,
533 4342 578 4397 die
597 4341 863 4397 tibereinstimmend
883 4341 951 4396 7000
969 4339 1065 4394 stuien
1091 4336 1229 4407 engeten.

77 4433 94 4486 5
114 4427 202 4484 Fabri
220 4428 256 4493 11,
274 4427 328 4482 452
346 4427 454 4485 ehenso.
