3054 4942
651 322 713 390 247

109 521 191 564 nunc
217 498 250 562 in
275 519 354 583 pecc
377 497 548 582 requiescit
563 496 583 563 ¹.
629 495 708 562 llern
739 497 771 562 in
795 499 901 564 endem
925 498 1055 564 civilcle
1076 503 1109 564 55
1131 500 1164 563 in
1187 499 1260 564 eliis

107 604 169 668 vidi
194 604 350 688 quasdam
372 625 522 687 personas
544 604 721 670 miserrime
744 626 802 688 pre
825 606 954 685 celeris,
981 605 1151 670 nonnullos
1174 608 1259 672 5555-

107 709 180 774 liter
223 709 321 774 etism
344 707 491 774 virilibus
525 709 712 788 denudatis,
746 709 910 776 ambulare
937 711 1021 776 inter
1043 715 1165 796 gentes.
1212 708 1259 774 De

109 813 223 898 quibus
246 813 386 878 mullum
408 813 548 878 mirabar
571 817 602 876 55
629 813 801 896 diligenter
818 814 949 898 quesivi,
973 815 1044 900 quis
1067 814 1121 880 isli
1144 818 1258 878 essent.

109 920 148 985 155
171 944 190 984 5
215 921 327 985 mullis
350 920 410 984 fide
433 919 539 1002 dignis
563 917 752 984 Christianis
784 926 817 986 55
844 921 885 986 55
908 921 1047 1004 expertis
1068 918 1180 986 Judeis
1202 943 1258 986 nu·

109 1027 182 1106 divi,
207 1025 292 1110 quod
317 1029 422 1088 essent
442 1021 687 1088 Sarracenorum
710 1023 853 1108 religiosi
875 1025 942 1090 eive
964 1025 1076 1106 seneli,
1099 1027 1154 1110 qui
1177 1026 1259 1090 nihil

109 1133 275 1216 proprium
299 1130 506 1216 possiderent,
529 1131 581 1194 sed
606 1131 691 1195 irent
713 1130 787 1196 hinc
809 1132 882 1198 inde
916 1131 955 1196 sd
979 1130 1117 1195 diversas
1150 1129 1259 1196 domos

111 1240 278 1322 querentes
301 1235 402 1300 solum
428 1235 555 1299 vicium.
602 1234 643 1299 Et
666 1235 801 1302 istorum
823 1240 899 1302 sunl
922 1237 983 1307 duo
999 1257 1134 1321 genera:
1158 1236 1258 1320 aliqui

108 1347 259 1408 lenenlur
281 1342 383 1406 seneli
407 1345 439 1406 55
462 1341 604 1426 religiosi
633 1339 870 1422 aSnrrncmir,
901 1341 956 1427 qui
987 1339 1120 1406 fuerunt
1150 1340 1260 1425 magni

109 1447 243 1526 ribaldi,
276 1451 308 1512 55
331 1447 456 1532 quando
481 1446 603 1510 maiora
624 1446 743 1512 scelera
765 1447 910 1514 fecerunt
940 1451 973 1512 55
995 1451 1160 1530 postesse
1183 1468 1258 1512 con-

109 1557 238 1618 5555555
260 1553 299 1618 ed
323 1553 405 1618 hanc
428 1552 625 1636 religionem,
648 1555 740 1616 55555
764 1573 816 1618 555
831 1553 1003 1618 sanctiores
1026 1555 1146 1616 555555.
1191 1551 1258 1616 Alii

109 1658 259 1724 dicuntur
280 1658 394 1735 sancti,
419 1658 473 1742 qui
495 1657 638 1742 concepti
661 1661 737 1722 sunl
759 1659 792 1722 in
815 1663 907 1724 ulero
929 1658 1044 1724 mairie
1065 1657 1098 1722 in
1114 1657 1258 1741 peregri·

109 1764 237 1828 neliono
267 1763 305 1828 cd
331 1763 493 1828 civitatem
516 1761 681 1843 Mechsm,
709 1767 742 1827 55
765 1784 836 1828 cum
859 1763 928 1828 nali
952 1761 1083 1842 fuerint,
1108 1765 1259 1827 lenenlur

107 1869 218 1932 sancti.
243 1865 346 1943 Quare
362 1869 448 1932 omni
459 1871 596 1932 connnlu
605 1867 734 1932 sindoni
743 1889 857 1932 uxores
872 1889 943 1932 cum
954 1867 1031 1932 viris
1047 1867 1080 1930 in
1095 1865 1255 1950 51155555-

107 1973 290 2058 grinsiione
313 1971 519 2050 commisceri,
544 1977 580 2035 ut
603 1970 802 2036 Mochomelo
825 1971 948 2055 possinl
978 1971 1082 2036 facere
1103 1975 1258 2036 sanctum.

110 2079 147 2144 nt
170 2079 252 2144 lnles
275 2077 434 2162 incipiunt
465 2077 589 2142 abicere
619 2098 744 2142 omnem
766 2077 987 2142 verecundiam
1018 2081 1050 2142 55
1074 2077 1257 2142 5555155555-

109 2184 240 2268 poribus
263 2183 417 2260 incedere,
441 2186 473 2246 55
497 2181 607 2246 dicnnl
629 2203 661 2246 se
683 2182 861 2266 pervenisse
884 2183 922 2247 ed
946 2182 1162 2248 innocentium
1184 2203 1259 2266 por·

107 2289 274 2368 velorum,
307 2289 362 2374 qni
396 2309 460 2352 non
484 2288 674 2352 erubescunt
706 2309 743 2352 ex
776 2288 880 2371 prims
903 2287 1043 2352 nslnrcli
1065 2287 1258 2352 innocentie.

107 2394 152 2460 De
176 2395 248 2458 ielis
270 2394 388 2458 sanclis
405 2393 531 2473 dicitur,
555 2394 639 2478 quod
654 2393 773 2458 5555555
789 2393 971 2460 liberlclem
993 2393 1135 2458 intrandi
1151 2395 1259 2460 domos

107 2521 242 2566 uxorum
260 2497 516 2578 sarracenorum,
541 2505 573 2562 55
597 2499 719 2564 faciunt
742 2499 870 2564 infinite
884 2499 1019 2576 scelerc3
1043 2500 1107 2566 vidi
1132 2520 1260 2585 quoque

105 2627 157 2672 ecs
179 2605 282 2670 nudos
313 2605 346 2668 in
370 2605 486 2688 plateis
508 2605 672 2670 ambulare
701 2605 769 2670 sine
797 2605 885 2670 omni
907 2605 1096 2670 verecundie
1108 2601 1131 2669 ¹.
1177 2603 1259 2670 Ilem

105 2713 137 2776 in
162 2712 214 2776 die
236 2711 339 2776 sancti
366 2708 542 2776 Leonherdi
567 2710 602 2794 [6
618 2708 717 2797 Nou]
741 2716 870 2794 sumpto
892 2711 1027 2794 prandio
1049 2709 1172 2776 decrevi
1195 2730 1259 2774 una

104 2841 177 2886 cum
201 2817 288 2884 socio
314 2838 383 2882 meo
407 2817 493 2882 exire
515 2821 547 2882 55
569 2817 699 2882 visitare
723 2822 895 2902 patronum
918 2822 950 2882 55
973 2815 1114 2900 galeam,
1138 2815 1171 2880 in
1196 2837 1259 2899 qun

104 2947 163 2992 nos
179 2945 306 2989 eremus
321 2922 523 3007 navigeturi3
548 2927 581 2986 55
604 2923 678 2988 dum
694 2923 896 3005 pervenimus
918 2923 956 2986 sd
973 2921 1162 2986 exteriorem
1183 2943 1258 3004 per·

104 3039 170 3100 leni
194 3029 345 3107 civilclie,
369 3028 544 3111 reperimus
561 3033 740 3112 patronum,
764 3027 820 3111 qui
840 3047 992 3110 generose
1007 3025 1099 3092 nobis
1115 3025 1257 3111 alloque-
1299 3019 1308 3036 ⁸

104 3139 200 3204 55555
240 3136 286 3220 [p.
312 3134 388 3219 114]
417 3133 538 3198 dicens:
575 3131 707 3198 »Patres
740 3131 819 3196 mei!
853 3131 922 3216 Ego
952 3132 1088 3197 libenlsr
1108 3131 1181 3196 volo
1202 3151 1258 3196 vos

104 3245 221 3310 ducere
243 3244 275 3306 el
291 3240 456 3324 providere
480 3241 547 3304 lam
570 3239 607 3303 de
627 3237 818 3302 victualibus
841 3258 934 3322 quem
959 3237 997 3302 de
1020 3237 1142 3302 5555555
1165 3237 1257 3302 bone.

102 3348 203 3415 Orate
226 3346 331 3412 solum
353 3345 444 3410 deum
469 3345 634 3429 promel«
668 3341 805 3408 Domum
821 3341 975 3408 exivimus
997 3364 1097 3429 usque
1119 3343 1158 3408 sd
1181 3342 1259 3408 liius

102 3455 204 3522 meris
219 3453 244 3532 ⁸,
267 3458 300 3517 55
322 3473 385 3516 non
402 3455 584 3535 polernmns
599 3449 717 3513 555555
733 3449 913 3532 ingressum
928 3447 1027 3533 gnlcc.
1073 3447 1162 3514 Tunc
1177 3448 1259 3514 dixit

673 3555 690 3586 5

173 3630 189 3684 1
210 3625 339 3682 (15555515
358 3627 392 3681 10
410 3623 544 3679 55555555
555 3622 689 3678 vlllrrend
707 3621 796 3678 seinos
815 3621 1008 3678 eufenthelles
1026 3621 1057 3677 in
1068 3622 1258 3679 Alexandrian

102 3719 150 3774 555
169 3715 247 3786 grob
266 3713 315 3769 des
333 3712 450 3782 grnl0n3
471 3711 570 3767 cbenso
589 3711 640 3766 555
659 3727 687 3765 es
708 3711 775 3766 1565
788 3710 874 3765 Furor
887 3727 942 3765 von
956 3709 1147 3766 Hsimendorl.
1173 3710 1257 3768 15555.

103 3801 307 3878 1).pilg.258.
413 3800 430 3852 2
457 3798 551 3868 Georg
568 3799 620 3855 515
649 3797 787 3852 555555555
814 3796 865 3851 des
892 3796 1001 3866 gleiche
1028 3815 1079 3852 cns
1102 3797 1257 3853 Psldslinn„

104 3895 184 3950 Diese
202 3891 299 3946 1515555
318 3905 374 3944 von
392 3885 541 3942 menschen
560 3885 679 3942 bcslnnd
697 3885 727 3940 in
740 3885 871 3956 Egyplen
891 3884 962 3940 noch
981 3885 1023 3940 bis
1043 3885 1151 3955 onlong
1168 3885 1257 3941 dieses

100 3985 192 4054 55555.
214 3979 276 4036 und
300 3977 374 4034 55555
400 3978 445 4032 ihr
464 3993 594 4032 unnesen
615 3976 668 4031 vvie
691 3993 725 4030 nu
743 3975 975 4039 1151555555555,
995 3990 1076 4028 vienn
1101 3973 1257 4028 55555551-

103 4073 186 4128 155555
206 4069 289 4125 nicht
309 4067 388 4122 mehr
412 4067 443 4120 in
461 4065 584 4136 gleicher
603 4064 797 4134 cnsdehnung.
833 4060 1109 4123 Το51.1555555551,
1131 4061 1189 4116 188.
1225 4059 1256 4114 ln

102 4159 200 4229 Syn'en
214 4155 275 4212 nnd
291 4154 440 4210 Peldrlins
452 4153 560 4210 55555555
578 4153 618 4208 555
630 4153 714 4208 heulc
726 4151 800 4208 noch
818 4169 852 4206 ru
864 4151 1007 4208 55555555.
1044 4150 1075 4204 Α.
1090 4165 1114 4203 e.
1128 4163 1153 4202 o.
1166 4146 1200 4212 ll,
1216 4149 1256 4202 19.

102 4249 164 4319 Vgl.
184 4245 268 4302 Tobl.
288 4241 406 4299 Denlrbl.
424 4243 475 4298 295
488 4259 515 4297 u.
529 4244 581 4298 362
593 4241 613 4295 1.
684 4243 701 4296 8
720 4239 907 4294 5555555555
925 4238 1038 4293 durflen
1057 4234 1189 4290 vvdlrrend
1208 4235 1257 4290 der

101 4336 175 4390 rnnlv.
195 4329 602 4390 55555555155555551.5555155
621 4347 673 4384 nur
692 4328 722 4383 in
743 4328 797 4383 den
816 4322 1256 4392 1515555555,55555155555551555

100 4422 255 4480 5551555555
293 4416 372 4473 15555
389 4417 427 4472 155
437 4417 563 4475 dersslbe
581 4418 640 4474 1555
652 4413 869 4472 nuscohliesslioh
886 4415 926 4470 im
939 4411 1097 4484 gebrenclre
1115 4410 1173 4466 und
1185 4409 1256 4466 vird
