3054 4942
689 345 751 411 197

152 521 202 584 but
235 524 268 586 et
289 522 420 604 putrida
452 523 531 586 erat.
579 520 659 585 Item
682 541 774 584 niune
808 519 842 582 in
874 521 923 586 die
947 517 1079 586 Veneris
1103 522 1159 606 [12
1183 520 1296 606 Sept.],

148 625 200 690 scl.
232 626 313 692 feria
344 632 434 692 sexta
467 632 539 711 post
563 624 775 691 Nativitatem
798 626 935 708 virginis
959 625 1069 707 Maria,
1102 628 1296 693 surreximus

151 731 238 814 quasi
262 731 295 794 in
320 732 423 796 media
445 737 548 810 nocte,
571 734 603 795 et
627 730 758 796 fecimus
782 729 845 794 iter
866 731 943 794 setis
959 731 1099 815 longum,
1123 737 1156 796 et
1178 753 1295 816 appro-

149 836 370 920 pinquavimus
395 837 571 914 montibus,
601 841 635 900 et
657 857 720 900 non
754 835 951 900 ascendimus
994 836 1048 902 sed
1079 837 1113 901 in
1136 837 1218 902 valle
1239 857 1297 921 per

149 942 285 1006 medium
309 942 530 1026 equitavimus,
556 947 588 1006 et
611 943 681 1025 ipsa
703 941 753 1006 die
776 962 890 1025 equam
913 941 1020 1006 vivam
1043 941 1221 1006 invenimus
1242 941 1297 1006 sed

149 1047 236 1110 valde
260 1047 356 1131 longe
378 1049 503 1112 anobis
520 1047 541 1126 ¹,
566 1069 661 1131 quam
678 1046 852 1130 portabant
868 1046 903 1110 in
918 1047 1010 1130 copia
1025 1049 1170 1112 mucroni
1184 1047 1297 1126 nostri,

150 1159 181 1216 et
202 1153 248 1218 sic
271 1155 526 1236 pernoctavimus
549 1154 665 1218 iterum
690 1152 723 1216 in
746 1151 867 1216 nabulo.
913 1151 996 1216 Ibem
1019 1153 1056 1216 de
1080 1173 1173 1217 mane
1187 1151 1297 1216 sabato

150 1254 203 1343 [13
224 1256 328 1342 Sept]
353 1263 428 1324 ante
450 1259 564 1324 festum
590 1257 805 1323 Exultationis
827 1263 935 1323 sancte
957 1258 1059 1322 crucis
1084 1258 1129 1342 [p.
1146 1256 1202 1342 92]
1226 1278 1296 1321 sur·

150 1363 287 1426 reximus
311 1364 429 1428 iterum
451 1363 542 1429 valde
566 1385 668 1440 nrane,
692 1367 724 1426 et
746 1361 878 1427 fecimus
901 1361 1036 1447 longum
1058 1364 1121 1428 iter
1142 1385 1200 1447 per
1222 1383 1296 1446 pro·

150 1466 281 1532 fundam
305 1489 443 1547 arenam,
476 1476 509 1534 et
531 1470 588 1534 illo
621 1469 671 1534 die
695 1490 751 1534 nec
773 1469 902 1533 arbores
923 1491 982 1534 nec
1004 1469 1137 1534 rubrum
1159 1489 1217 1533 nec
1238 1467 1296 1532 ho-

149 1571 247 1635 mines
271 1593 329 1637 nec
357 1573 473 1638 bestias
488 1597 591 1660 neque
611 1596 684 1639 aves
700 1575 845 1652 vidimus,
869 1577 902 1638 et
924 1575 962 1639 de
985 1594 1054 1638 sero
1070 1572 1298 1638 declinavimus

128 1665 264 1742 'iterum
287 1677 378 1742 iuxta
409 1681 566 1763 quendam
596 1683 754 1758 montem,
786 1685 818 1744 et
841 1679 910 1762 ipsa
942 1679 992 1743 die
1026 1699 1089 1742 non
1118 1677 1298 1742 invenimus

149 1803 273 1865 aquarn.
320 1781 403 1848 Item
426 1785 459 1848 in
482 1785 532 1849 die
548 1783 759 1848 Exultationis
775 1787 884 1847 sancte
903 1783 1005 1848 crucis
1029 1783 1084 1861 [14
1099 1780 1212 1865 Sept.],
1237 1802 1298 1865 que

150 1893 218 1952 erat
241 1889 400 1954 dominica
423 1891 488 1969 die,
512 1890 707 1954 surreximus
728 1911 820 1953 mane
850 1891 883 1952 et
905 1889 989 1953 circa
1011 1888 1163 1952 decimam
1187 1887 1297 1952 horam

148 1994 476 2078 appropinquavimus
498 1995 662 2059 montibus
685 1995 814 2076 egilosis
837 1995 956 2078 absque
978 1992 1149 2075 lapidibus,
1173 1996 1206 2056 et
1229 1995 1297 2056 crat

149 2103 234 2162 terra
259 2099 338 2164 bene
360 2099 490 2167 colenda
514 2107 546 2167 et
569 2102 751 2180 fructifera,
785 2101 839 2166 sed
873 2122 936 2164 non
958 2104 1033 2165 sunt
1058 2098 1209 2164 homines.
1257 2097 1298 2161 Et

149 2203 193 2267 ibi
216 2205 394 2287 reperimus
410 2205 539 2286 iontem,
563 2208 653 2270 iuxta
675 2229 768 2290 quem
789 2205 940 2270 sedebant
962 2205 1035 2288 plus
1059 2225 1155 2288 quam
1170 2202 1297 2267 ducenti

149 2308 276 2386 mmeli,
311 2312 367 2394 qni
391 2313 602 2395 expectabant
632 2312 672 2376 ab
697 2311 813 2375 Arabis
835 2311 956 2394 potari,
979 2312 1197 2392 veneruntque
1220 2306 1298 2371 illue

151 2413 187 2477 nd
204 2415 397 2496 portandum
411 2417 484 2500 plus
500 2439 594 2501 quam
611 2439 668 2501 per
684 2420 754 2481 octo
775 2415 915 2481 miliaria
928 2414 951 2481 ².
998 2414 1171 2497 Nostrique
1193 2413 1298 2476 asinos

151 2522 182 2582 et
204 2519 339 2584 camelos
363 2529 486 2587 nostros
509 2527 717 2606 potaverunt,
750 2525 783 2585 st
805 2520 880 2586 licet
912 2541 996 2604 aqua
1024 2524 1092 2584 erat
1114 2517 1243 2582 turbida
1265 2521 1297 2582 et

151 2622 311 2689 immunda
336 2632 466 2711 propter
482 2627 719 2691 multitudinem
736 2625 961 2704 haurientium,
985 2631 1092 2690 tamen
1108 2623 1298 2708 replevimus

154 2732 237 2792 utres
252 2733 286 2794 et
300 2730 471 2814 amphoras
487 2735 611 2796 nostras
639 2735 671 2794 et
687 2730 827 2813 cepimus
843 2749 1022 2813 peragrare.
1058 2728 1138 2793 Item
1150 2728 1297 2813 sequenti

152 2833 210 2914 die,
232 2835 265 2898 in
289 2838 402 2900 octava
425 2833 615 2900 Natiuitatis
639 2833 739 2898 Maris
763 2835 819 2917 [15
843 2829 956 2920 Sept.],
987 2856 1049 2920 que
1071 2838 1139 2899 erat
1161 2833 1298 2898 secunda

151 2939 240 3020 feria,
255 2942 419 3025 peragrati
436 2963 543 3006 sumus
559 2946 729 3025 pertatem
746 2941 828 3004 diem
846 2945 879 3004 et
895 2960 959 3004 non
981 2939 1159 3003 invenimus
1171 2960 1297 3022 aquam,
1370 2947 1373 2954 '

149 3043 223 3109 licet
238 3047 455 3130 promiserunt
472 3048 571 3112 Arabi
594 3067 651 3110 nos
675 3047 788 3109 ducere
810 3045 847 3108 ad
871 3066 997 3128 aquam.
1043 3043 1084 3108 Et
1108 3043 1225 3108 ibidem
1249 3047 1297 3108 est

149 3152 309 3216 desertum
332 3157 399 3217 tem
422 3152 552 3239 longum
578 3158 610 3217 et
632 3153 750 3230 lutum,
774 3155 811 3214 ut
833 3150 860 3212 si
884 3149 954 3233 quis
977 3149 1132 3231 inciperet
1155 3149 1298 3234 equitare

148 3257 180 3320 in
203 3257 363 3341 principio
386 3263 418 3323 ct
444 3259 603 3343 equitaret
625 3279 683 3341 per
706 3261 771 3320 tres
786 3275 918 3333 menses,
942 3252 1179 3336 alongitudine
1199 3275 1298 3339 usque

147 3361 186 3426 ad
203 3362 299 3426 finem
315 3361 368 3426 vix
386 3363 572 3447 attingeret,
587 3368 620 3427 et
631 3361 759 3446 penitus
775 3359 898 3424 nullum
910 3358 1072 3423 hominem
1088 3355 1151 3422 nec'
1161 3359 1301 3424 bestiam

148 3467 327 3546 inveniret,
356 3467 418 3530 nisi
442 3467 613 3532 casualiter
635 3470 816 3531 occurreret
829 3463 853 3527 ⁸.
901 3463 942 3528 Et
965 3465 1010 3527 sic
1032 3463 1070 3528 de
1091 3471 1184 3529 nocte
1204 3465 1296 3529 steti-

148 3593 218 3636 mus
242 3571 325 3636 sicut
341 3571 591 3654 precedentibus.
637 3571 717 3636 ltsm
742 3571 779 3635 de
796 3592 888 3634 mane
911 3569 992 3634 feria
1008 3568 1104 3633 tertia
1121 3569 1178 3652 [16
1194 3567 1296 3653 Sept]

146 3677 343 3742 surreximus
367 3697 460 3742 mane
484 3681 515 3740 et
537 3677 654 3742 iterum
669 3674 942 3759 peregrinavimus
958 3695 1105 3758 magnam
1122 3673 1240 3738 dietam
1263 3674 1297 3736 in

148 3785 295 3850 maximis
311 3783 481 3862 caloribus,
505 3783 537 3846 in
560 3781 616 3846 siti
638 3784 671 3846 et
685 3781 779 3860 fame,
802 3801 859 3863 per
875 3784 995 3844 terram
1009 3777 1157 3857 lutosum,
1181 3781 1213 3842 et
1228 3777 1298 3860 ipsa

219 3999 232 4050 l
254 3993 338 4048 Fabri
358 3992 393 4058 11,
411 3992 472 4046 418.
500 3989 653 4048 »mineum
665 3992 774 4046 nostres
792 4007 843 4059 pro
862 4005 936 4058 aqua
954 3987 991 4042 ad
1008 3985 1152 4056 quandam
1165 3983 1297 4054 paludem

146 4082 299 4138 misimus«.
371 4079 388 4133 2
408 4079 492 4134 Fabri
509 4079 543 4144 ll,
562 4081 628 4135 425:
649 4078 697 4132 »ln
716 4078 772 4132 ista
790 4075 943 4132 latitudine
955 4075 1075 4130 vidimus
1093 4072 1185 4127 multe
1203 4071 1298 4126 taber·

147 4171 251 4227 uacula
269 4172 300 4223 et
318 4166 443 4223 tentoria
462 4166 545 4222 simul
564 4167 633 4230 fixa,
661 4168 807 4235 tamquam
826 4180 859 4218 ac
876 4163 900 4217 si
919 4165 992 4218 esset
1010 4161 1097 4224 villa,
1124 4161 1153 4214 st
1170 4159 1250 4228 ignes
1268 4161 1298 4213 st

147 4261 293 4315 currentes
312 4254 438 4311 homines
465 4259 493 4310 et
511 4255 616 4311 bestias
642 4257 671 4308 et
688 4251 908 4323 obstupuimus«.
1013 4251 1030 4304 3
1058 4248 1137 4302 Nach
1159 4245 1243 4302 Fabri
1262 4247 1296 4311 11,

147 4347 200 4402 428
212 4345 310 4400 vbrde
328 4342 373 4398 ein
392 4343 484 4410 miter,
502 4344 551 4400 der
563 4343 670 4411 taglich
686 4342 718 4397 10
735 4341 868 4397 deutsche
880 4340 982 4396 meilen
994 4335 1165 4405 auruchlegt
1185 4335 1215 4390 in
1228 4335 1296 4394 evei

147 4437 281 4491 monateu
301 4431 354 4488 aui
370 4429 434 4485 hein
453 4448 554 4488 wasser
571 4430 629 4486 und
648 4429 748 4488 keineu
767 4429 916 4486 menschen
935 4424 1042 4486 stcssen.
