3062 4938
646 307 688 378 49

102 494 174 554 rant.
220 488 290 554 Nee
312 511 370 554 vos
393 491 546 556 tenemini
568 512 624 556 uos
656 491 761 574 ipsum
784 491 917 575 prodere
949 490 983 554 in
1015 489 1075 554 tali
1102 488 1244 574 periculo

102 595 154 659 nisi
169 595 202 658 in
218 595 426 664 confessione.
450 595 645 682 Quocunque
660 601 766 661 autem
782 597 876 662 modo
888 595 1030 661 exieritis
1047 595 1113 659 sive
1125 594 1245 660 sciente

103 701 227 766 muliere
242 701 308 766 sive
323 701 416 780 elam,
432 703 551 768 currite
565 703 676 768 statim
693 703 733 766 ud
744 702 849 766 sinum
863 705 972 766 sancte
983 701 1095 766 matris
1105 699 1246 780 ecclesie,

104 805 156 871 hoe
177 811 227 872 est
250 807 289 872 ad
312 808 416 873 sedem
439 807 649 893 apostolicam
673 812 730 872 aut
752 809 965 892 personaliter
988 811 1045 872 aut
1068 827 1125 890 per
1147 805 1247 870 alium

105 912 220 978 fidelem
244 917 277 977 et
299 919 453 979 seeretem
468 915 587 980 bonum
611 914 758 994 amicum,
783 915 838 999 qni
862 934 985 978 summo
1007 912 1150 996 pontifici
1173 933 1246 995 per·

104 1016 179 1083 leste
202 1023 236 1083 et
257 1018 340 1083 nude
364 1022 397 1083 et
419 1021 575 1085 veraciter
598 1024 738 1104 exponat
765 1024 869 1085 totam
891 1021 991 1085 vitam
1013 1023 1153 1084 vestram
1182 1019 1248 1081 sive

104 1143 198 1186 usum
226 1123 274 1206 [p.
299 1124 356 1207 26]
380 1124 413 1188 in
437 1124 550 1190 forms.
596 1124 639 1189 Et
672 1125 777 1208 primo
805 1125 929 1190 laboret
962 1144 1021 1209 pro
1051 1123 1183 1207 speciali
1217 1129 1248 1188 et

104 1227 192 1310 plens
214 1230 409 1294 anctoritate
431 1231 613 1295 absolvendi
637 1231 678 1294 ab
700 1231 848 1296 omnibus
871 1231 1028 1316 pensetis,
1060 1229 1183 1294 delictis
1217 1234 1249 1293 et

103 1331 285 1397 criminibus
316 1336 497 1399 enormibus
526 1340 559 1399 et
590 1339 872 1420 quantumcunque
900 1335 1051 1420 gravibus
1083 1335 1180 1399 etiam
1216 1335 1248 1398 in

104 1438 222 1502 essibus
244 1438 318 1504 sede
340 1440 522 1523 apostolicis
553 1440 722 1506 reservatis
737 1439 766 1517 ¹3
798 1440 934 1504 seeundo
967 1461 1026 1524 pro
1057 1441 1248 1506 auctoritate

104 1543 281 1609 absolvendi
304 1546 345 1609 ab
367 1545 514 1610 omnibus
530 1545 878 1612 excomunicationibus
893 1545 1067 1610 maioribus
1090 1549 1122 1613 et
1144 1547 1248 1611 mino-

103 1650 196 1729 ribus,
221 1649 362 1714 censuris
384 1673 403 1715 a
425 1651 495 1716 iure
517 1657 573 1717 aut
589 1652 876 1718 constitutionibus
899 1673 957 1736 per
980 1672 1119 1716 summos
1143 1652 1249 1734 ponti-

102 1755 172 1820 fiees
193 1759 251 1820 aut
273 1756 414 1840 prelatos
437 1757 557 1822 ordinis
579 1758 696 1836 illatis3
720 1758 817 1823 tertio
840 1757 1066 1824 auctoritatem
1087 1756 1121 1820 in
1145 1757 1249 1820 omni-

102 1861 159 1925 bus
174 1860 481 1946 irregularitatibus,
505 1863 764 1948 suspensionibus
787 1867 819 1927 et
835 1862 1016 1927 interdictis
1032 1861 1251 1945 dispensandi:

102 1971 215 2050 quarto
231 1967 458 2032 auctoritatem
469 1968 674 2034 resbilitandi
690 1974 723 2034 et
735 1969 924 2034 restituendi
940 1966 978 2032 ad
992 1965 1251 2042 officiumsaeer-

101 2070 207 2136 dotale
230 2076 264 2136 et
295 2071 334 2136 sd
366 2072 432 2138 slis
459 2071 566 2139 officia
588 2075 719 2140 ordinis.
766 2074 807 2139 Et
840 2075 903 2139 biis
934 2072 1081 2138 omnibus
1111 2071 1253 2136 obtentis

101 2175 280 2260 disponatis
297 2176 444 2242 habitum
460 2184 564 2246 vestre
580 2179 745 2265 religionis
768 2183 800 2244 et
816 2179 1013 2244 confessione
1032 2178 1118 2242 faeta
1141 2181 1174 2241 et
1197 2177 1252 2242 ab·

100 2282 281 2360 solutione,
303 2281 556 2367 dispensatione,
590 2281 800 2349 reubilitute²
840 2289 872 2350 et
901 2285 1103 2350 restitutione
1126 2287 1252 2368 recepta

99 2387 248 2470 spoliatis
263 2410 319 2456 vos
342 2391 454 2455 statim
470 2391 668 2456 vestimentis
688 2390 883 2455 secularibus
906 2395 938 2456 et
952 2390 1096 2455 vestiatis
1118 2411 1173 2454 vos
1196 2389 1253 2453 ha-

105 2494 175 2558 bitu
199 2493 367 2578 religionis
390 2499 493 2560 vestre
516 2499 548 2561 et
570 2496 698 2561 intretis
713 2497 948 2561 observantiam
970 2496 1109 2561 eiusdem
1134 2494 1255 2560 ordinis

100 2597 294 2684 fecistisque
325 2600 423 2665 bonos
452 2599 576 2666 fruetus
598 2603 777 2686 penitentie
807 2602 847 2665 sd
877 2601 943 2666 dies
964 2601 1031 2666 vite
1054 2605 1167 2664 vestre.
1214 2598 1256 2664 Et

98 2704 144 2768 sie
165 2709 318 2769 mortuus
340 2705 457 2770 mundo
479 2707 588 2771 vivitis
611 2705 749 2772 Christo.
796 2704 1014 2791 Scributisqus
1046 2706 1173 2770 mulieri
1197 2726 1256 2789 per

100 2815 224 2874 eertum
249 2811 402 2876 nuntium
425 2817 457 2876 et
479 2811 659 2896 significate
683 2812 711 2876 ei
734 2817 873 2877 vestrum
896 2814 1048 2891 mortem,
1080 2815 1256 2894 rogateque

101 2935 184 2995 eam,
208 2919 246 2980 ut
262 2917 411 3000 expediat
425 2917 554 3003 singula
577 2917 686 2982 debite
699 2917 859 2997 solvenda,
883 2923 920 2982 nt
942 2917 1176 3000 supradictum
1198 2919 1256 2979 est.

102 3019 143 3084 Et
159 3021 221 3086 tali
239 3023 334 3088 modo
349 3023 497 3088 decenter
520 3027 552 3088 et
572 3023 706 3089 honeste
721 3023 902 3088 liberamini
925 3045 944 3087 a
960 3021 1103 3106 periculo
1119 3020 1257 3084 humane

101 3127 302 3191 confusionis
325 3133 356 3192 et
380 3133 488 3193 eterne
510 3129 749 3214 dampnationis
777 3135 809 3194 et
831 3129 901 3213 ipsa
923 3128 1058 3193 honesta
1080 3127 1195 3190 mulier
1217 3127 1257 3190 ab

100 3231 160 3296 illa
185 3233 324 3316 pessima
356 3235 456 3299 bestia
467 3234 511 3299 ’.ι
566 3234 707 3320 Recepta
735 3235 931 3300 correctione
954 3233 1018 3297 oris
1048 3237 1081 3296 et
1104 3233 1257 3297 informs-

100 3336 194 3402 tione
208 3338 242 3402 in
259 3337 399 3422 seriptis,
414 3339 554 3405 referens
570 3341 628 3406 deo
644 3346 676 3406 et
692 3341 770 3406 mihi
784 3361 917 3425 magnus
928 3343 1036 3423 gretes
1050 3339 1257 3422 promittens-

676 3465 693 3496 Ι·

178 3531 192 3584 1
213 3528 290 3583 lluss
308 3527 424 3584 heillen:
443 3529 507 3586 Sedi
519 3532 691 3602 apostolieae
706 3530 865 3588 reservatis.
892 3531 952 3586 Von
965 3529 1100 3600 geuisssn
1119 3531 1259 3586 sohweren

104 3615 216 3671 eunden
235 3616 314 3672 lrsmr
332 3617 412 3672 nicht
436 3619 517 3688 jeder
541 3621 660 3690 priester
688 3621 808 3676 sondern
834 3637 888 3673 nur
915 3618 964 3673 der
988 3618 1097 3674 bischof
1113 3619 1180 3675 oder
1207 3637 1260 3690 gur

108 3721 164 3758 nur
183 3705 233 3761 der
251 3706 338 3776 papst
355 3705 540 3763 ubsolvieren.
576 3708 657 3764 Diese
677 3708 892 3777 bssuhrtnlrung
910 3706 960 3761 der
979 3707 1261 3777 absolutiousgawalt

106 3796 200 3847 nsunt
226 3809 294 3848 nasu
313 3793 469 3850 reservatio
486 3811 609 3850 menum.
647 3796 682 3850 lls
701 3796 814 3850 kunnen
828 3795 931 3865 jedoeh
960 3795 1010 3850 der
1037 3798 1122 3867 papst
1140 3795 1197 3849 und
1216 3795 1261 3848 die

107 3879 232 3935 maheru
251 3881 323 3936 unuh
341 3881 553 3951 geuohnliehen
571 3885 710 3954 priestern
729 3883 774 3938 die
792 3884 914 3938 laoulttt
942 3885 1072 3948 erteilen.
1101 3901 1156 3939 von
1175 3898 1260 3935 reser-

106 3967 220 4024 riertsu
232 3969 341 4026 sllndsn
360 3988 394 4024 su
408 3971 590 4027 absolvieren.
624 3971 789 4037 Lehmtuhl‚
803 3970 900 4028 Theol.
914 3970 1014 4028 moral.
1032 3971 1173 4041 Friburgii
1186 3968 1261 4024 1886.

107 4053 143 4119 ll,
163 4057 218 4112 290
234 4057 264 4114 ff.
370 4057 538 4114 20llenbar
556 4058 797 4116 rehabilitetions.
904 4061 921 4114 8
946 4059 995 4115 Bei
1019 4060 1109 4114 dieser
1127 4055 1262 4113 entsehsi-

109 4139 192 4213 duug
208 4143 338 4200 verdisnt
356 4146 460 4202 sowohl
488 4147 537 4203 der
566 4147 651 4212 siler,
678 4148 732 4204 mit
750 4149 882 4205 walchem
903 4149 1033 4204 Walther
1051 4147 1106 4201 den
1124 4145 1261 4199 verirrten

111 4230 304 4289 ordeusmsnn
323 4251 372 4288 sur
390 4233 487 4304 pllisht
505 4235 742 4293 aurilelrrnltlhren
761 4237 866 4297 strebt.
898 4237 940 4291 als
970 4234 1041 4288 auch
1069 4233 1114 4288 die
1132 4231 1261 4302 sorgfalt

110 4317 167 4372 mit
186 4319 234 4376 der
258 4337 290 4375 sr
307 4319 353 4376 die
371 4323 465 4378 reehts
490 4324 540 4378 der
559 4324 707 4394 gltubiger
726 4325 783 4378 und
803 4325 848 4380 dis
867 4325 931 4379 ehre
952 4321 1001 4376 der
1021 4321 1171 4392 putativen
1199 4319 1262 4373 lrau

114 4405 176 4460 und
193 4407 242 4462 der
259 4407 360 4463 ltinder
378 4408 522 4468 desselben
541 4413 659 4477 subtltat,
679 4413 735 4467 elle
754 4413 965 4480 anerlrenuung.

185 4513 346 4560 ltlusrsrluru.
1086 4503 1107 4567 4
