3062 4938
820 315 974 415 10'

266 521 351 588 mine
384 521 478 588 Ihosu
511 521 652 588 Christe!
703 522 799 589 Nunc
830 525 930 588 instat
961 524 1039 588 hora
1072 523 1276 591 executionis.
1321 524 1413 608 Rogo

265 633 315 704 te,
343 628 445 713 dirige
478 629 643 713 negotium
676 630 846 696 secundum
879 633 966 694 tuam
990 629 1188 694 voluntatem
1221 635 1254 694 et
1276 631 1413 711 laudem,

265 735 305 798 da
327 733 406 798 mihi
429 735 642 800 constantiam
672 740 704 800 et
726 734 993 819 perseverantiam
1026 734 1059 798 in
1087 738 1143 799 tuo
1166 733 1342 813 famulatu3
1377 741 1413 800 tu

266 839 350 902 enim
382 839 484 919 nosti,
519 863 580 925 que
613 846 667 906 tue
700 839 801 905 laudis
830 844 905 904 sunt
933 843 966 904 et
997 861 1065 904 mee
1093 839 1224 917 salutis3
1258 841 1414 925 quidquid

266 948 374 1008 tamen
406 944 581 1010 decreveris
604 944 690 1024 fieri,
713 943 798 1008 fiet«
847 942 887 1006 Et
910 947 1074 1027 assumpta
1094 943 1205 1009 littera
1226 946 1412 1030 apostolica,

265 1049 354 1112 cuius
386 1052 478 1114 tenor
508 1050 547 1114 de
570 1050 666 1114 verbo
698 1050 892 1114 adverbum
923 1049 1068 1133 superius
1091 1055 1265 1132 esttenete,
1296 1051 1414 1116 accessi
1517 1085 1518 1096 2

265 1149 508 1233 diffinitorium,
537 1153 685 1218 fiduciam
714 1152 835 1217 babens
864 1153 897 1216 in
921 1152 1048 1218 domino
1072 1152 1184 1235 ihesu,
1216 1161 1250 1220 et
1281 1156 1413 1240 genicu-
1517 1165 1518 1178 ³

265 1257 379 1337 lando,
404 1261 440 1322 ut
462 1258 562 1337 decet,
585 1262 767 1322 reverenter
789 1257 893 1323 obtuli
916 1259 1038 1324 dicens:
1070 1258 1275 1326 »Reseranda
1305 1260 1412 1341 Pater,
1517 1255 1518 1292 i

264 1363 426 1448 ceterique
458 1363 655 1428 venerabiles
682 1363 810 1429 Patres!
862 1362 955 1428 Prius
984 1384 1046 1428 non
1078 1365 1261 1431 attendistis
1291 1366 1412 1432 licitam

264 1489 366 1532 meam
389 1469 595 1552 petitionem
626 1469 719 1533 modo
750 1470 919 1533 secundum
943 1472 1083 1532 tenorem
1106 1468 1194 1533 illius
1217 1471 1321 1554 gratie
1344 1491 1412 1534 am·
1517 1507 1518 1510 =

264 1573 350 1658 plius
380 1595 442 1639 non
476 1597 546 1640 sum
578 1576 637 1639 sub
670 1575 828 1661 regimine
861 1579 893 1639 et
927 1573 1108 1639 obedientia
1138 1580 1253 1640 vestra.
1307 1576 1413 1653 Quare

264 1679 457 1762 provideatis
500 1680 577 1744 milri
622 1681 847 1765 presidentiam
887 1679 1096 1764 assignatam,
1135 1679 1210 1764 quia
1242 1701 1305 1746 non
1346 1703 1413 1744 ma-
1517 1701 1518 1704 ¹

266 1785 377 1850 nebo«
419 1785 565 1850 Vicarius
588 1807 662 1850 vero
690 1787 797 1850 renuit
820 1785 962 1869 accipere
985 1783 1127 1849 litteram
1151 1789 1183 1848 et
1206 1784 1303 1850 dixit:
1328 1783 1414 1850 »Vos

266 1909 329 1954 non
352 1890 452 1970 datis,
482 1891 564 1956 sicut
587 1891 737 1955 debetis<
785 1889 854 1975 Ego
876 1889 958 1954 dixi:
993 1887 1045 1954 »Si
1076 1888 1181 1972 placet
1205 1889 1309 1969 vobis,
1342 1890 1414 1955 volo

264 1995 419 2062 adducere
441 1997 605 2080 publicum
629 1996 790 2062 notarium
814 2017 884 2062 oum
907 1994 1061 2059 destitues
1087 1999 1120 2059 et
1134 1994 1297 2059 subiunxi:
1324 1994 1413 2080 »Ego

264 2101 369 2166 obtuli
386 2123 455 2166 eam
472 2109 662 2182 reverenter,
685 2103 768 2168 sieut
793 2099 841 2188 [p.
859 2102 894 2185 5]
919 2101 1017 2180 decet,
1039 2105 1072 2165 et
1088 2121 1152 2166 non
1169 2099 1282 2178 vultis;
1305 2121 1413 2165 meum

265 2205 440 2291 agalasi«
486 2207 626 2272 Tandem
650 2212 847 2292 receperunt,
879 2209 982 2271 etms
1005 2207 1093 2271 abire
1116 2205 1268 2270 lecerunt.
1315 2203 1415 2270 Lecta

264 2311 374 2376 littera
395 2311 554 2377 vocatus¹
576 2313 726 2377 dixerunt
755 2333 826 2377 eum
848 2309 957 2376 lurore
980 2316 1013 2375 et
1034 2309 1256 2394 indignatione
1278 2331 1414 2395 magna:

268 2415 352 2480 »Vos
375 2417 544 2500 decepistis
567 2439 634 2498 nos,
657 2423 690 2482 et
704 2418 825 2483 fecistis
844 2423 956 2483 contra
971 2420 1125 2495 statuta«,
1149 2415 1308 2480 minantes
1332 2415 1412 2480 mihi

265 2521 366 2585 multa
388 2527 422 2586 et
443 2541 561 2607 magna
583 2523 696 2602 facere,
732 2528 764 2586 et
787 2521 952 2587 dixerunt:
985 2518 1127 2586 »Littera
1147 2524 1254 2584 ¹vestra
1275 2541 1339 2584 non
1363 2526 1415 2586 est

265 2625 458 2706 sufficiens«,
481 2631 690 2711 apportantes
706 2627 806 2691 libros
822 2627 910 2706 iuris,
925 2626 1066 2691 volentes
1082 2625 1161 2689 mihi
1178 2626 1317 2710 gratiam
1333 2647 1413 2710 apo-

264 2729 409 2796 stolicam
432 2733 606 2797 anichilare
629 2733 788 2798 dicentes:
813 2731 906 2798 »lure
929 2731 1074 2797 volumus
1097 2752 1153 2795 vos
1176 2733 1332 2810 vincere«,
1355 2753 1412 2796 vo-

263 2835 364 2900 lentes
393 2857 443 2902 me
467 2843 595 2902 terrere.
643 2836 713 2920 Ego
743 2841 850 2901 autem
873 2836 1072 2902 confortatus
1104 2857 1162 2920 par
1191 2837 1241 2900 dei
1270 2835 1412 2919 gratiam

264 2946 296 3006 et
311 2941 490 3025 intrepidus
514 2941 594 3007 dixi:
621 2941 765 3006 >Littera
787 2964 856 3007 mea
871 2941 1011 3006 excludit
1026 2941 1134 3006 omnia
1149 2939 1313 3024 prohibita
1332 2963 1412 3024 apo-

263 3047 377 3111 stolica
399 3051 431 3110 et
454 3045 543 3111 tollit
566 3047 673 3112 omnia
696 3049 767 3113 iura
789 3053 887 3132 atque
909 3047 1016 3112 omnia
1031 3050 1154 3110 statuta
1168 3045 1290 3110 ordinis
1313 3045 1412 3110 etiem

263 3150 449 3216 iuramentis
465 3151 601 3232 firmata,
625 3153 686 3218 nisi
707 3153 873 3218 volueritis
897 3153 976 3218 mihi
992 3152 1096 3218 iacere
1112 3151 1261 3216 iniuriam
1287 3157 1319 3216 et
1341 3153 1412 3216 vio·

263 3257 406 3324 lentiam.
450 3256 519 3342 Ego
542 3265 648 3324 autem
671 3260 799 3345 appello
822 3262 933 3324 eontra
955 3257 1103 3322 iniuriam
1134 3257 1174 3322 ad
1197 3257 1331 3322 eundern
1359 3257 1410 3322 iu·

263 3363 382 3442 dicem,
417 3363 470 3448 qui
494 3364 573 3428 mihi
597 3366 679 3431 hanc
702 3365 839 3450 gratiam
863 3364 1016 3443 eontulit,
1052 3364 1107 3448 qui
1135 3368 1168 3428 et
1190 3367 1294 3428 vester
1316 3362 1413 3428 iudex

264 3475 340 3533 esa«
390 3467 433 3534 Et
452 3469 569 3535 iterum
592 3473 742 3537 audacter
756 3470 886 3536 adiunxi
908 3470 1030 3534 diesne:
1056 3467 1144 3552 »Ego
1167 3471 1216 3532 tot
1239 3467 1331 3532 annis
1356 3489 1413 3533 vo·

263 3573 384 3640 bissum
414 3575 447 3638 in
478 3580 587 3641 sancta
608 3577 811 3643 observantia
833 3576 953 3641 ordinis
976 3577 1178 3640 conversatus
1201 3595 1270 3638 rum
1298 3579 1331 3638 st
1354 3597 1414 3658 per

262 3679 313 3744 dei
336 3679 475 3764 gratiam
491 3703 654 3766 nunquam
670 3681 799 3766 aliquod
815 3680 998 3746 scandalum
1013 3679 1164 3759 commisi,
1188 3699 1245 3744 nec
1267 3701 1411 3765 unquam

263 3783 429 3848 audivistis
452 3807 471 3849 a
494 3785 694 3869 principibus
717 3789 750 3848 et
772 3785 945 3864 nobilibus,
977 3784 1016 3849 ab
1040 3784 1197 3868 episcopis
1220 3789 1253 3849 et
1276 3783 1416 3868 prelatis

262 3909 320 3953 nec
349 3888 390 3953 ab
413 3888 523 3974 aliqua
545 3909 678 3972 persona
702 3889 864 3972 spirituali
896 3889 946 3953 vel
968 3889 1104 3954 seculari
1128 3889 1295 3974 utriusque
1318 3912 1415 3957 sexus

262 3994 314 4059 vel
344 3995 439 4058 etiam
464 3993 624 4078 querelam
653 3993 794 4077 aliquam
825 4015 844 4057 a
874 3993 975 4057 fratre
1005 3991 1113 4080 aliquo
1136 3995 1256 4058 ordinis
1285 3999 1341 4060 aut
1370 3997 1414 4060 ab

263 4100 372 4185 aliqua
402 4099 466 4164 alia
489 4119 632 4182 persona.
677 4096 710 4164 Si
734 4097 878 4180 habetis,
912 4097 1041 4163 dicatis!
1086 4097 1168 4174 Quid
1199 4100 1301 4184 igitur
1331 4101 1416 4166 mihi

337 4259 349 4310 l
370 4255 454 4311 Wohl
467 4273 501 4308 au
514 4251 718 4310 construieren:
736 4253 811 4310 lecta
824 4205 923 4311 littera
936 4257 1053 4312 vocatus
1066 4271 1135 4319 eum,
1148 4255 1178 4310 ot
1189 4242 1320 4309 dixerunt
1332 4255 1415 4312 mihi.

265 4342 333 4396 Eine
351 4341 493 4411 derartige
512 4341 793 4413 zusammenaiehung
817 4342 868 4397 hat
895 4341 939 4398 bei
956 4341 1087 4397 Walther
1105 4341 1197 4397 nichts
1217 4340 1415 4399 auffallendes.

264 4429 401 4489 ltthricht
420 4429 538 4500 glaubte
558 4431 631 4486 statt
650 4431 766 4489 vocatus
787 4434 887 4490 vocata
904 4431 979 4491 lesen
998 4449 1032 4488 au
1050 4429 1147 4492 eolles.
