3054 4944
802 343 868 412 298

399 520 446 586 De
469 520 651 606 patriarcha
675 519 952 587 lherosolimitano
975 525 1007 587 et
1029 522 1097 587 eins
1120 518 1279 586 canonicis

665 625 814 690 dominici
837 626 1009 709 sepulchri.

349 731 483 815 Insuper
506 730 620 795 habuit
644 731 920 796 reverendissimus
947 732 1092 796 dominus
1124 731 1285 815 predictus
1308 731 1410 813 patri-

262 835 358 901 archa
379 837 511 901 abbates
534 841 567 899 et
588 836 781 915 abbatissas,
815 837 1000 922 prioresque
1032 843 1063 901 et
1086 836 1166 902 alios
1189 835 1329 920 prelatos
1351 835 1412 900 sibi

262 941 430 1020 subiectos,
453 941 593 1024 insignia
614 941 825 1025 pontificalia,
848 943 959 1006 mitras
982 947 1014 1006 et
1038 940 1181 1020 baculos,
1216 939 1351 1004 annulos
1381 947 1413 1004 et

261 1046 404 1111 sandalia
427 1069 465 1111 ex
488 1047 656 1132 privilegio
679 1047 848 1132 dignitatis
870 1050 1004 1125 utentes,
1028 1047 1156 1112 domino
1171 1045 1355 1130 patriarche
1379 1046 1412 1110 in

263 1151 439 1216 ministerio
456 1151 563 1217 divino
580 1155 762 1217 reverenter
778 1153 970 1218 assistentes.
1009 1151 1240 1218 Patriarohalis
1254 1151 1412 1236 siquidem

262 1255 392 1320 ecclesia
415 1255 477 1320 luit
500 1255 658 1339 templum
688 1255 836 1321 dominici
859 1255 1020 1339 sepulchri
1043 1257 1102 1321 snb
1127 1261 1234 1320 monte
1257 1254 1412 1334 calvarie,

263 1382 324 1444 que
346 1359 477 1424 ecclesia
499 1361 584 1424 inter
606 1361 669 1425 alia
693 1362 886 1426 locosancto
906 1382 1054 1445 magnam
1070 1361 1413 1445 obtinetdignitatem‚

262 1469 296 1527 et
318 1465 487 1528 maximam
510 1465 551 1529 ob
573 1465 758 1532 memoriam
781 1466 938 1531 dominice
953 1467 1109 1551 passionis
1131 1465 1229 1530 habet
1250 1486 1412 1550 conpunc-

261 1569 359 1634 tionis
382 1569 550 1650 rirtutem‚
580 1571 613 1636 in
639 1593 702 1655 qua
724 1571 801 1634 dens
823 1591 933 1654 passus
956 1592 1016 1654 pro
1038 1571 1142 1637 salute
1165 1573 1293 1649 nostra,
1317 1570 1413 1634 resti-

262 1673 379 1738 mentis
394 1673 559 1758 spoliatus,
583 1675 615 1739 in
633 1695 726 1740 eruce
741 1674 893 1754 elevatus,
917 1675 1013 1741 claris
1029 1676 1153 1756 affixus,
1177 1673 1252 1740 felle
1275 1679 1307 1740 et
1322 1679 1414 1739 aceto

262 1784 411 1862 potatus,
446 1779 492 1863 [p.
518 1777 598 1866 317]
633 1777 783 1844 aJudeis
806 1778 944 1859 derisus,
978 1780 1062 1845 inter
1083 1781 1210 1866 iniquos
1231 1780 1413 1862 deputatus,

261 1887 365 1948 morte
388 1884 574 1966 turpissima
597 1885 844 1968 condempnatus
870 1882 943 1949 luit.
1099 1884 1136 1951 ln
1168 1884 1227 1950 hac
1248 1905 1338 1949 sacra
1362 1905 1413 1949 ec·

262 1988 357 2054 alesia
388 1989 562 2054 cathedrali
598 1989 710 2054 habuit
743 1989 905 2073 predictus
932 1989 1116 2072 patriarcha
1145 2011 1218 2054 suos
1241 1989 1412 2054 canonicos

262 2093 434 2177 regulares,
457 2094 479 2159 i.
503 2117 528 2158 e.
553 2094 613 2159 sub
636 2094 749 2180 regula
769 2095 874 2159 sancti
901 2096 1073 2179 Augustini
1090 2096 1241 2174 viventes,
1265 2093 1413 2158 habiturn

262 2199 371 2264 album
394 2199 586 2277 deferentes,
618 2221 741 2266 erucem
772 2199 900 2265 rubeam
925 2199 1081 2284 duplicem
1104 2198 1354 2282 patriarchalem
1379 2200 1412 2264 in

262 2304 410 2369 exteriori
435 2311 527 2388 parte
549 2306 812 2370 vestimentorum
835 2305 1028 2382 baiulantem
1054 2305 1099 2369 hii
1122 2305 1265 2370 canonici
1289 2325 1413 2369 moram

261 2409 434 2474 trahebant
457 2411 546 2475 iuxta
570 2411 761 2476 dominicum
785 2409 985 2494 sepulchrum
1016 2411 1055 2474 ad
1079 2415 1203 2494 partam
1227 2408 1412 2488 australem,

262 2521 348 2579 retro
381 2518 519 2580 montem
544 2512 702 2592 Calvarie,
735 2516 768 2579 in
791 2515 923 2580 solemni
957 2516 1088 2580 cenobio
1119 2535 1242 2580 annexo
1271 2513 1413 2593 ecclesie,

261 2617 356 2683 simul
378 2619 436 2682 snb
460 2618 615 2704 regimine
638 2619 754 2702 prioris
783 2619 816 2682 in
844 2639 959 2703 magno
981 2603 1112 2684 numero
1137 2619 1331 2684 unanimiter
1356 2620 1411 2683 de-

261 2727 371 2808 gentes
396 2773 404 2788 .
429 2773 436 2788 .
461 2771 468 2786 .
513 2721 571 2788 Isti
588 2725 648 2788 viri
671 2726 773 2789 sancti
796 2745 992 2789 cumeorum
1009 2725 1114 2808 priore
1131 2725 1314 2791 habueruut
1335 2745 1413 2788 auc·

261 2827 427 2893 toritatem
451 2851 469 2892 a
492 2829 564 2894 sede
586 2829 760 2913 apostolica
783 2829 902 2914 eligere
916 2830 1129 2913 patriarcham
1153 2829 1282 2894 ecclesie
1296 2827 1410 2894 lhero-

261 2933 456 3012 solimitane‚
490 2939 523 2998 et
556 2938 624 2999 erat
647 2956 756 3000 eorum
783 2935 926 3020 prelatus
949 2936 1150 3000 immediatus
1182 2936 1250 3000 loco
1274 2934 1412 3000 abbatis.

262 3037 453 3104 Habuerunt
484 3040 580 3105 etiam
611 3040 747 3124 predicti
771 3041 913 3106 canonici
937 3040 1074 3105 liberum
1105 3044 1137 3105 et
1166 3039 1336 3124 specialem
1363 3039 1412 3103 in·

261 3145 394 3208 troitum
417 3145 455 3210 de
484 3145 615 3211 cenobio
639 3167 748 3210 eorum
779 3145 816 3210 ad
841 3145 945 3210 locum
969 3142 1112 3210 Calvarie
1136 3178 1143 3209 l
1168 3195 1176 3211 .
1202 3195 1209 3210 .
1244 3147 1275 3209 et
1298 3143 1412 3209 deinde

262 3248 498 3327 descenderunt,
521 3251 604 3315 sicut
627 3251 719 3316 bodie
744 3251 881 3330 videtur,
905 3271 962 3333 per
984 3249 1107 3334 aliquos
1129 3249 1247 3334 gradus
1270 3249 1309 3314 ad
1332 3247 1410 3313 cbo·

262 3375 349 3432 rum,
375 3355 428 3438 qui
453 3359 500 3419 est
522 3355 555 3419 in
578 3357 681 3421 medio
704 3355 816 3438 templi
841 3356 990 3421 dominici
1012 3356 1184 3440 sepulchri,
1208 3355 1263 3420 ubi
1287 3353 1409 3437 persol-

263 3459 381 3523 vebant
414 3459 509 3525 horas
532 3461 698 3526 canonicas
733 3461 794 3524 rite
827 3466 860 3525 et
890 3461 1011 3540 devote,
1045 3483 1140 3545 quem
1162 3459 1294 3526 chorum
1317 3460 1411 3524 modo

262 3563 382 3628 habent
411 3565 444 3629 in
475 3587 534 3631 usu
557 3565 649 3631 Greci
664 3567 684 3633 ¹.
733 3565 774 3630 Et
796 3587 873 3630 crux
905 3566 1020 3650 duplex
1043 3565 1283 3651 patriarchalis,
1314 3585 1411 3649 qnam

262 3667 324 3752 ipsi
348 3669 501 3753 gerebant
525 3671 556 3734 in
579 3677 707 3755 pectore
741 3691 799 3755 pro
826 3671 919 3755 signo
943 3670 1117 3754 religionis,
1142 3670 1233 3735 bodie
1257 3670 1356 3735 incisa
1380 3679 1411 3734 et

262 3773 389 3856 sculpta
411 3778 476 3838 stat
497 3775 531 3838 in
553 3775 791 3859 superliminari
815 3775 951 3840 eiusdem
974 3775 1080 3857 valve,
1105 3798 1165 3860 qne
1188 3781 1294 3840 tamen
1318 3777 1410 3840 modo

262 3883 311 3944 ast
332 3879 495 3944 obstructa
518 3903 537 3944 a
559 3879 740 3946 sarracenis
752 3879 775 3945 ¹.
822 3879 939 3945 Eadem
970 3881 1067 3944 etiam
1097 3901 1175 3945 crux
1197 3879 1313 3964 duplex
1345 3885 1410 3944 stat

829 3989 848 4024 ᾖ

334 4072 346 4124 l
368 4069 448 4125 Dicae
465 4071 596 4140 angaben
613 4071 744 4126 ctimmen
770 4071 811 4124 im
829 4070 1027 4126 wesentlichen
1046 4085 1138 4140 genau
1159 4070 1212 4125 mit
1230 4071 1284 4126 den
1304 4071 1409 4126 mittel-

262 4157 368 4227 lnngen
386 4157 509 4222 Toblers‚
528 4157 609 4229 Golg.
628 4159 678 4213 517
697 4157 726 4212 ff.
764 4158 832 4213 Dem
850 4157 936 4214 orden
948 4175 1011 4213 vom
1032 4157 1069 4212 hl.
1082 4159 1170 4228 graba
1188 4159 1268 4214 hatte
1280 4159 1409 4214 Walther

262 4245 349 4300 rslbst
366 4246 428 4300 eine
446 4245 501 4301 aeit
518 4246 588 4316 lang
605 4245 752 4315 angehdrt.
789 4245 854 4315 Vgl.
866 4245 937 4303 oben
956 4261 976 4300 s.
998 4249 1008 4299 l
1027 4263 1102 4300 anm.
1122 4247 1135 4300 l
1155 4245 1245 4300 unda
1325 4247 1342 4300 2
1361 4245 1408 4300 Bel

262 4329 362 4386 Tobler
380 4332 453 4388 finde
480 4333 525 4388 ich
544 4333 611 4388 tiber
630 4333 719 4389 dieses
738 4333 822 4388 lrreua
840 4331 921 4388 heina
940 4331 1023 4398 notia,
1045 4334 1145 4390 ebenso
1165 4334 1243 4390 nicht
1263 4335 1306 4390 bei
1326 4333 1408 4388 Fabri

261 4418 328 4474 oder
346 4418 436 4475 einum
456 4421 562 4476 andern
581 4419 681 4492 pilger.
