3054 4942
809 309 872 375 190

268 485 400 566 lissima,
425 487 478 550 sed
504 485 536 549 in
561 487 698 570 quatuor
711 483 892 550 miliaribus
914 485 968 549 vix
990 485 1093 569 reperi
1117 487 1181 549 tres
1197 485 1332 552 arbores.
1379 483 1414 549 In

268 593 330 656 ista
352 595 439 656 terra
461 593 536 654 sunt
558 589 705 654 altissimi
732 589 837 654 fontes
855 591 875 670 ¹,
899 612 982 674 aqua
1004 611 1080 654 vero
1103 610 1207 653 crassa
1241 595 1273 653 et
1305 589 1416 654 calida.

269 698 404 763 Demum
428 696 641 782 equitavimus
673 715 731 779 per
763 701 865 760 totam
897 701 1018 760 terram
1041 693 1287 759 Philistinorum
1318 699 1351 758 et
1383 695 1415 758 in

267 805 352 870 festo
377 801 604 866 Decollationis
627 801 729 865 sancti
752 799 909 866 lobannis
934 801 989 886 [29
1014 798 1110 883 Aug]
1134 799 1224 863 valde
1254 800 1344 864 tarde
1367 801 1416 864 in-

267 909 422 974 travimus
444 907 608 970 civitatem
632 905 796 986 Gazaram,
820 906 858 971 de
880 927 943 990 qua
959 905 1094 968 habetur
1108 902 1182 968 Jud.
1201 904 1242 968 16
1258 926 1326 988 cap.
1376 904 1416 968 Er

266 1015 356 1078 iuxta
378 1013 541 1077 civitatem
573 1011 605 1074 in
629 1015 731 1074 strata
754 1011 930 1074 invenimus
953 1012 1097 1074 arborem
1121 1011 1236 1074 ficuum
1267 1031 1327 1093 pro
1358 1009 1415 1075 ho-

267 1119 406 1184 minibus
420 1117 501 1181 mire
515 1115 697 1180 fertilitatis
720 1120 752 1179 et
767 1116 998 1198 magnitudinis
1021 1120 1053 1180 et
1068 1115 1248 1180 latitudinis
1261 1113 1284 1180 ¹.
1331 1113 1415 1178 Nam

267 1223 348 1288 tales
371 1221 500 1285 arbores
523 1222 600 1285 dant
624 1221 657 1284 in
682 1243 766 1284 auno
789 1222 906 1305 septies
929 1220 1063 1300 fructus,
1086 1221 1139 1285 sed
1162 1223 1289 1284 tantum
1312 1221 1416 1284 tribus

266 1329 387 1394 vicibus
420 1331 496 1390 sunt
527 1326 566 1389 ad
598 1347 691 1390 usum
714 1324 879 1390 hominum
913 1333 945 1390 et
979 1327 1051 1390 aliis
1074 1329 1210 1411 quatuor
1231 1327 1354 1390 vicibus
1378 1326 1416 1390 ad

266 1454 357 1497 usum
382 1430 563 1496 bestiarum.
611 1428 698 1512 Stips
732 1431 798 1493 eius
820 1433 909 1494 tante
931 1431 1183 1516 magnitudinis,
1213 1432 1295 1516 quod
1321 1431 1415 1515 quin·

267 1539 356 1622 quies
379 1535 526 1619 expansis
549 1533 686 1599 brachiis
718 1556 781 1599 non
805 1539 932 1618 poterat
957 1535 1132 1600 mensurari
1156 1555 1214 1618 per
1237 1557 1336 1599 unum
1359 1557 1414 1619 pe-

266 1643 428 1726 regrinum
451 1641 489 1703 de
504 1639 631 1718 nostris,
653 1674 696 1685 -
710 1661 780 1702 mer
794 1639 855 1703 dan
871 1639 956 1704 funff
968 1641 1087 1705 klafter
1109 1641 1189 1726 grob
1213 1679 1254 1686 —
1278 1641 1316 1704 de
1338 1639 1417 1704 lati·

265 1747 376 1810 tudine
398 1744 578 1828 palmarum
602 1749 724 1808 certum
747 1744 884 1808 scribere
915 1767 977 1808 non
1009 1746 1109 1829 potui.
1155 1744 1224 1810 Heo
1246 1745 1359 1810 civitas
1382 1746 1416 1808 in

266 1851 375 1916 eodem
397 1849 540 1933 capitulo
565 1847 682 1912 dieitur
706 1847 799 1926 Gaza,
832 1853 863 1913 et
886 1858 934 1913 est
957 1851 1062 1934 ampla
1096 1857 1129 1916 et
1151 1874 1282 1936 magna,
1315 1852 1417 1916 maior

265 1957 388 2021 civitati
405 1953 602 2018 Iberusalem
616 1952 639 2032 ³,
656 1953 758 2018 adhuc
772 1955 849 2018 satis
866 1955 1029 2039 populosa,
1048 1958 1101 2021 sed
1117 1979 1175 2040 pro
1192 1977 1307 2040 magna
1322 1962 1416 2040 parte

265 2061 406 2126 desolata
428 2065 461 2125 et
483 2081 542 2144 pro
564 2057 678 2122 maiori
701 2063 794 2141 parte
817 2058 922 2123 lutosa
952 2060 973 2123 i.
998 2083 1024 2123 e.
1050 2060 1193 2126 edificata
1221 2063 1259 2126 de
1290 2063 1359 2126 luto
1383 2067 1416 2125 et

265 2149 418 2230 lateribus
441 2165 542 2229 solum
565 2161 631 2228 sole
658 2163 755 2226 coetis
778 2163 897 2247 absque
919 2186 1010 2229 muro
1024 2164 1047 2230 ⁴.
1092 2164 1194 2240 Quam
1209 2167 1339 2231 circuivi
1364 2167 1414 2232 ul-

264 2271 344 2335 tima
366 2271 416 2334 die
439 2269 589 2352 Augusti,
612 2273 646 2332 et
669 2273 737 2332 erat
760 2269 916 2334 dominica
939 2271 1013 2334 dies.
1061 2271 1127 2335 Hec
1150 2272 1262 2336 civitas
1279 2273 1414 2338 circum-

265 2397 390 2460 quaque
414 2381 461 2439 est
485 2375 574 2439 valde
596 2376 747 2440 arborosa
770 2375 808 2438 de
831 2375 960 2457 palmis,
984 2376 1152 2461 amigdalis
1183 2383 1215 2442 et
1237 2377 1334 2441 variis
1358 2399 1414 2463 ge-

265 2481 395 2544 neribus
428 2480 574 2543 arborum
599 2479 841 2546 fructuosarum.
888 2480 1004 2546 Omnia
1030 2483 1240 2546 comestibilia
1272 2489 1348 2547 sunt
1379 2485 1413 2548 in

264 2587 346 2649 bono
369 2583 474 2649 foro⁶.
521 2585 603 2649 Item
624 2585 657 2648 in
674 2585 804 2650 civitate
827 2590 875 2650 est
891 2586 1026 2670 quedam
1048 2609 1122 2669 pars
1145 2589 1267 2672 palatii,
1291 2590 1323 2652 in
1348 2611 1414 2674 quo

264 2693 356 2754 orant
379 2691 462 2754 cives
485 2689 729 2754 Philistinorum
752 2691 954 2774 congregati,
985 2693 1148 2775 epulantes
1171 2697 1203 2757 et
1226 2694 1413 2778 gaudentes,

264 2796 319 2881 qui
343 2799 375 2860 et
397 2795 566 2873 iusserunt,
591 2799 627 2858 ut
650 2794 814 2878 Sampson,
837 2795 888 2859 cui
911 2802 1063 2860 eruerunt
1086 2796 1210 2878 oculos,
1241 2805 1329 2864 stans
1360 2802 1412 2864 in-

263 2902 368 2965 clusus
391 2921 533 2980 earcere,
565 2901 775 2964 adduceretur
798 2902 842 2964 eis
866 2905 898 2964 et
921 2901 1044 2965 luderet
1067 2923 1172 2970 coram
1194 2905 1249 2970 eis.
1296 2904 1338 2968 Et
1362 2927 1413 2970 re-

264 3009 359 3072 ducto
382 3007 427 3072 sic
450 3028 520 3072 ceco
537 3005 709 3090 Sampsone
732 3007 770 3070 de
790 3028 915 3071 carcere
939 3008 978 3072 ad
994 3009 1151 3091 palatium
1167 3009 1248 3073 dixit
1271 3011 1310 3073 ad
1333 3033 1413 3094 pue-

263 3134 332 3176 rum
352 3111 374 3190 ⁶,
397 3111 458 3174 sibi
482 3113 648 3194 prestabat
670 3112 859 3177 conductum
882 3113 947 3178 vie:
986 3113 1074 3178 »Duo
1097 3137 1164 3194 me,
1198 3121 1234 3178 ut
1257 3117 1415 3199 appodiar

264 3215 474 3298 columpnis«.
522 3215 563 3278 Et
587 3219 674 3280 stans
691 3216 820 3280 innixus
839 3217 994 3282 columnis
1017 3219 1113 3284 dixit:
1142 3219 1296 3285 »Domine
1319 3222 1413 3286 deus!

264 3341 323 3403 pro
346 3319 468 3384 duobus
484 3319 657 3384 luminibus
681 3321 720 3384 da
743 3321 823 3384 mibi
846 3345 942 3387 unam
960 3323 1141 3404 vindictam,
1165 3329 1202 3390 ut
1217 3326 1351 3391 ulciscar
1374 3329 1414 3392 de

263 3423 400 3488 inimicis
416 3425 504 3504 meis,
529 3429 560 3488 et
574 3425 731 3489 moriatur
747 3426 853 3490 anima
876 3449 944 3490 mea
967 3449 1038 3492 cum
1054 3429 1191 3512 impiis«.
1237 3431 1279 3495 Et
1294 3453 1411 3515 appre-

267 3529 372 3592 bensis
395 3529 515 3593 duabus
538 3529 716 3615 columpnis
739 3531 823 3595 inter
847 3531 979 3596 brachia
1003 3537 1034 3597 et
1054 3537 1208 3600 movendo
1224 3537 1337 3602 deiecit
1360 3544 1411 3604 to·

829 3676 848 3710 ἃ

263 3773 296 3837 ΙΙ,
316 3773 368 3828 228
385 3775 450 3842 sagt
468 3773 605 3827 ndmlich:
635 3773 730 3829 »Miles
750 3776 875 3830 ascendit
900 3795 982 3848 super
1001 3779 1171 3835 testudinem
1192 3783 1353 3850 muscham,
1381 3787 1411 3840 et

262 3862 455 3931 perforamen
474 3861 583 3915 ineam
603 3862 822 3918 stercorizavit«.
862 3864 924 3934 Vgl.
944 3867 1015 3920 auch
1034 3867 1068 3932 ll,
1087 3868 1146 3922 358.

334 3951 346 4003 l
367 3949 512 4018 Richtiger
532 3949 649 4018 »patei«.
756 3951 773 4005 2
791 3951 874 4006 Fabri
888 3953 922 4016 ll,
936 3954 987 4008 360
1005 3955 1133 4010 erwdhnt
1153 3956 1232 4022 auch,
1254 3957 1318 4012 dass
1338 3959 1409 4014 viele

261 4035 455 4104 leigenbtnme
475 4036 637 4093 vorbanden
656 4055 765 4103 waren,
793 4057 848 4096 von
876 4041 979 4096 diesem
998 4042 1191 4098 riesenbaume
1210 4045 1276 4099 aber
1294 4049 1359 4116 sagt
1378 4063 1408 4102 er

261 4122 360 4176 nichts.
465 4127 482 4178 3
502 4123 585 4178 Fabri
604 4123 639 4190 11,
657 4127 723 4180 379:
749 4127 794 4181 »in
814 4129 901 4199 duplo
919 4131 1011 4200 major
1029 4149 1115 4200 quam
1133 4131 1171 4186 sit
1189 4132 1342 4188 Jerusalem
1361 4153 1409 4205 po·

261 4211 359 4279 pulosa
377 4213 405 4266 et
423 4211 561 4282 pinguis«.
668 4215 686 4267 4
703 4212 760 4268 Das
778 4215 885 4285 gleiehe
903 4221 968 4288 sagt
986 4219 1069 4273 Fabri
1089 4238 1113 4274 a.
1133 4236 1158 4275 a.
1171 4237 1203 4284 0.‚
1224 4237 1277 4274 nur
1293 4221 1362 4277 habt
1379 4239 1409 4277 er

261 4296 369 4362 hervor,
388 4297 452 4353 dass
470 4299 515 4354 die
528 4301 673 4357 moscheen
693 4305 750 4359 und
764 4305 850 4360 bader
868 4308 931 4363 sehr
946 4309 1078 4380 prachtig
1091 4325 1192 4364 waren.
1265 4315 1280 4365 5
1301 4309 1409 4368 Ebenso

261 4381 345 4438 Fabri
364 4401 388 4440 a.
408 4401 432 4442 a.
452 4404 476 4443 o.
582 4391 599 4446 6
618 4389 700 4446 Feblt
718 4393 776 4464 qui.
