3054 4942
7 4595 9 4634 l

7 4639 8 4660 l

640 365 704 436 209

98 551 230 612 ruerunt
253 547 361 633 alique
384 548 495 612 domus
520 547 663 610 Arabum
679 547 700 610 ¹.
747 546 788 610 Et
811 546 938 624 dieunt,
970 543 1053 631 quod
1084 545 1115 609 in
1142 545 1248 610 eodem

98 649 174 730 loeo,
200 652 257 716 ubi
283 651 436 737 vilegium
460 651 525 716 iem
547 655 605 730 est,
629 649 694 715 fuit
715 650 813 730 loeus,
837 651 890 715 ubi
908 649 1037 715 Datban
1061 656 1093 715 et
1117 651 1249 736 Abyron

98 757 157 822 vivi
182 757 328 822 devorati
351 761 427 821 sunt
458 761 595 821 eterra.
644 755 724 820 Item
749 756 874 820 demum
897 757 1109 840 equitavimus
1140 757 1173 820 in
1197 778 1249 820 ea-

98 863 164 927 dem
190 862 273 927 velle
298 868 330 926 et
352 862 488 946 planitie
522 861 606 926 forte
630 861 746 926 iterum
775 863 813 926 ed
848 883 946 926 unum
979 862 1103 926 miliare
1137 867 1170 926 et
1201 861 1249 925 di·-

97 969 227 1032 midium
250 969 416 1048 italicum,
439 971 472 1031 et
501 967 660 1047 dixerunt,
684 968 766 1052 quod
791 968 908 1032 ibidem
933 968 1152 1032 castrametati
1175 972 1250 1032 sunt

97 1073 150 1138 lilii
175 1073 290 1154 Israel,
315 1075 440 1159 quando
464 1072 589 1158 Moyses
614 1073 737 1136 eratin
760 1077 868 1137 monte
890 1071 987 1158 Synei
1018 1095 1090 1138 eum
1112 1073 1247 1139 domino.

98 1177 136 1242 Et
170 1181 206 1243 in
243 1179 351 1244 eodem
385 1179 453 1244 loeo
488 1179 564 1242 lecit
592 1177 702 1242 Aaron
724 1179 862 1243 vitulum
896 1179 1105 1259 conflatilem,
1138 1183 1170 1243 et
1203 1179 1248 1244 ibi

98 1285 248 1349 sederunt
280 1283 340 1348 filii
373 1282 512 1364 Israhel,
554 1284 696 1348 bibentes
728 1287 760 1347 et
792 1286 1006 1364 comedentes,
1041 1289 1074 1348 et
1105 1306 1249 1348 surrexe·

96 1395 170 1454 runt
202 1388 315 1453 ludere
339 1389 359 1451 i.
383 1411 409 1453 e.
445 1409 570 1454 oorsare
585 1386 607 1455 ².
657 1389 698 1453 Et
719 1389 858 1455 visitatis
888 1390 951 1454 illis
983 1389 1060 1455 loeis
1093 1391 1250 1474 equitavi·

96 1515 164 1558 mus
189 1495 229 1558 ad
253 1493 501 1574 monasterium,
525 1494 564 1558 de
599 1515 662 1579 quo
701 1494 803 1559 altera
839 1496 888 1560 die
923 1495 1085 1559 exivimus.
1132 1494 1174 1558 Et
1204 1495 1250 1559 ibi

97 1597 180 1664 laete
217 1621 293 1664 osne
317 1600 472 1664 exivimus
505 1621 612 1664 omnes
645 1600 815 1665 adortum
847 1601 982 1665 fratrum
1018 1601 1107 1665 iuxta
1140 1623 1249 1666 mona·

96 1704 228 1767 sterium
246 1701 269 1767 ³.
316 1703 356 1766 Et
380 1705 411 1767 in
436 1704 544 1769 eodem
568 1704 711 1789 pomerio
734 1705 940 1769 ostenderunt
962 1706 1053 1769 uobis
1076 1707 1138 1770 duo
1161 1706 1249 1772 loee:

96 1809 199 1890 primo
224 1813 360 1891 petram,
387 1809 420 1873 in
445 1831 508 1892 qua
529 1808 630 1894 fregit
655 1808 780 1894 Moyses
803 1810 929 1874 tabulas
952 1813 1058 1876 deoem
1081 1816 1250 1896 precepto·

96 1935 163 1978 rum
180 1914 211 1993 ⁴,
251 1915 388 1979 seeundo
429 1912 567 1994 fontem,
607 1917 658 1980 eui
699 1915 863 1980 maledixit
897 1915 1031 2002 Moyses.
1087 1918 1147 1982 Sed
1186 1939 1250 1982 non

95 2020 221 2084 videtur
253 2019 313 2084 boo
347 2021 513 2103 probabile
528 2019 551 2099 ⁶,
582 2042 652 2086 eum
688 2021 812 2106 Moyses
842 2045 899 2106 per
931 2023 1028 2087 aliem
1057 2023 1141 2086 viam
1180 2024 1249 2088 des·

96 2126 201 2189 oendit
224 2125 262 2188 de
286 2129 404 2205 monte,
430 2130 462 2189 et
486 2126 608 2191 audivit
631 2127 786 2210 populum
809 2127 999 2192 elementem
1023 2133 1054 2192 et
1077 2119 1176 2212 fregit
1199 2133 1249 2194 ta-

98 2229 195 2294 bulas.
244 2230 406 2314 Quidquid
439 2234 546 2295 eutem
568 2231 626 2311 sit,
658 2232 804 2316 relinquo
836 2232 965 2316 ceteris,
1001 2233 1122 2298 suffieit
1154 2233 1250 2298 miehi

97 2335 221 2400 devotio
245 2357 324 2400 mea.

185 2439 268 2504 ltem
292 2445 381 2505 sexte
412 2439 493 2506 feria
523 2445 597 2507 ante
621 2441 787 2506 Michaelis
812 2439 871 2528 [26
894 2441 996 2527 Sept]
1020 2465 1112 2508 mane
1135 2443 1170 2506 in
1193 2465 1249 2506 au-

99 2565 169 2609 rora
205 2545 412 2610 ostenderunt
446 2548 538 2610 nobis
571 2547 717 2612 omnibus
751 2546 867 2612 fratres
898 2570 970 2612 oum
995 2549 1111 2614 vioario
1142 2570 1251 2613 eorum

99 2649 333 2714 sanctissimum
359 2658 457 2735 eaput
481 2656 512 2716 et
536 2675 647 2718 manus
669 2656 777 2717 sancte
801 2652 988 2732 liutherius,
1012 2657 1044 2718 et
1067 2654 1112 2718 ibi
1134 2653 1250 2718 osculis

100 2752 178 2817 detis
200 2759 232 2818 et
258 2755 476 2822 oblationibus
498 2757 594 2823 festis
617 2758 879 2842 orationibusque
905 2759 998 2822 dietis
1020 2759 1113 2842 posui
1137 2781 1187 2822 me
1211 2759 1249 2822 ad

98 2857 198 2922 sedem
213 2861 433 2926 confessionis.
480 2862 522 2926 llt
538 2885 645 2928 omnes
667 2871 731 2927 tres
747 2864 877 2928 comites
893 2864 997 2946 primo
1013 2865 1250 2928 confitebantur

96 2963 173 3028 mihi
199 2971 231 3029 et
254 2966 310 3030 elii
333 2967 442 3050 plures
459 2968 580 3032 nobiles
602 2971 635 3056 et
659 2969 753 3033 servi.
800 2968 841 3032 Mt
858 2969 1013 3052 expeditis
1036 2970 1102 3034 dixi
1119 2969 1250 3034 missam

665 3121 684 3158 M·

163 3229 176 3282 l
198 3225 266 3280 Hier
283 3227 346 3281 sind
361 3227 515 3298 jedenlells
535 3229 580 3285 die
600 3230 700 3285 ruinen
722 3230 770 3286 des
788 3229 907 3287 klosters
928 3229 1086 3294 el-Bustan‚
1106 3229 1182 3286 einer
1200 3230 1251 3284 ke·

96 3313 165 3382 pelle
184 3313 236 3368 der
257 3315 288 3367 12
307 3315 415 3384 apostol
438 3315 493 3370 und
515 3317 563 3372 der
583 3316 760 3372 verfalleneu
778 3317 1106 3387 eremitenvvohnungeu,
1133 3317 1250 3374 diaden

96 3399 132 3458 hl.
145 3401 263 3458 &emes
281 3402 338 3457 und
354 3403 475 3459 Damion
494 3405 619 3474 geweiht
631 3423 735 3472 waren,
757 3407 887 3475 gemeint.
917 3403 1001 3461 Beed.
1019 3407 1079 3462 529.
1116 3405 1200 3461 Fabri
1214 3405 1250 3472 ll,

94 3489 144 3544 482
163 3489 224 3544 und
243 3489 335 3546 (lbiet.
349 3492 399 3546 227
421 3511 508 3564 sagon
523 3493 728 3558 eusdrueklien
747 3494 812 3549 dass
830 3494 874 3549 bei
892 3493 955 3549 dem
973 3495 1079 3550 kloster
1098 3512 1120 3548 s.
1136 3492 1251 3550 Cosmus

96 3577 150 3632 und
165 3579 289 3633 Damion
308 3579 353 3635 die
366 3587 493 3652 empbrer
509 3581 622 3637 llatban
635 3584 692 3636 und
705 3582 812 3640 Abiron
825 3601 879 3638 von
898 3582 947 3638 der
968 3581 1033 3636 erde
1046 3582 1251 3652 versehlungen

95 3665 206 3721 worden
225 3667 309 3722 seien.
349 3667 535 3724 Bekauntlieh
554 3687 629 3724 muse
649 3670 723 3726 disse
741 3671 822 3725 stelle
841 3671 872 3725 in
890 3671 987 3726 weiter
1005 3671 1177 3739 entlernung
1196 3687 1251 3726 von

95 3751 155 3807 dem
183 3754 263 3810 Sinai
293 3757 411 3826 gesuobt
442 3759 561 3814 werden.
596 3758 648 3814 Die
676 3757 994 3830 entlernungsangsben
1012 3757 1159 3813 Weltbers
1188 3757 1251 3811 sind

95 3843 165 3896 euch
183 3841 246 3897 hier
264 3845 352 3898 etwas
370 3861 403 3898 su
430 3845 509 3915 grob.
581 3845 668 3903 snio
690 3849 776 3903 ebene
794 3849 928 3903 sullana.
1035 3847 1130 3902 soen
1149 3847 1252 3916 garten

95 3927 251 3986 besebrsibt
268 3931 352 3987 sauri
371 3933 406 3998 ll,
425 3935 476 3990 486
490 3934 511 3991 f.
531 3935 602 3998 sehr,
622 3935 713 3990 Ghist.
726 3937 775 3990 221
796 3935 923 3991 niemlioh
944 3934 1130 3991 eusfuhrliob.
1167 3933 1251 3988 Beide

94 4017 211 4072 ruhmen
230 4018 285 4073 den
302 4020 439 4075 reiebtum
464 4022 612 4079 desselben
639 4041 676 4078 au
694 4023 883 4080 obutbenmen
910 4025 968 4078 und
989 4023 1081 4078 Ghist.
1101 4020 1252 4076 besunders

94 4105 164 4159 suoh
182 4105 237 4162 deu
256 4125 294 4162 an
311 4109 509 4165 weinstdeken.
617 4113 635 4166 4
658 4111 741 4167 Fabri
762 4111 795 4178 11,
814 4111 879 4167 488:
908 4111 1050 4166 »Ulterius
1069 4106 1252 4179 processimus

93 4193 175 4248 etad
196 4194 472 4264 unumsiugulerem
491 4202 601 4269 petrem
624 4200 756 4255 venimus
784 4201 820 4255 ad
846 4199 971 4255 radicem
997 4196 1100 4254 montis
1119 4193 1192 4249 Oreb
1208 4195 1253 4264 ja·

92 4286 200 4337 euntem
218 4281 256 4338 ed
275 4283 388 4339 modum
406 4287 502 4354 magni
515 4287 634 4344 olibani.
673 4288 714 4342 ld
733 4289 807 4344 hane
824 4291 935 4358 petram
955 4283 1037 4340 illisit
1051 4281 1160 4350 Moyses
1181 4281 1253 4336 dues

93 4369 206 4425 tabulas
225 4370 352 4441 lapideas
369 4378 610 4445 praeceptorum«
686 4380 701 4431 5
721 4376 803 4432 Fabri
816 4377 851 4442 ΙΙ,
864 4377 915 4431 487
930 4373 1031 4430 tullert
1046 4370 1129 4425 lreine
1145 4369 1253 4426 sveilel

93 4457 160 4514 dher
178 4458 225 4514 die
243 4459 370 4514 eehtbeit
387 4459 474 4518 dieser
493 4467 618 4519 etstton.

163 4563 332 4608 remu-rrum.
1055 4550 1096 4616 14
