3056 4944
821 326 863 394 oo

268 503 399 570 honeste
420 505 530 582 sorori,
554 503 657 569 doluit
679 504 767 568 ultra
789 503 917 568 modum
940 502 978 568 de
1000 504 1084 570 facto
1108 509 1141 569 st
1162 505 1326 590 cogitabat
1341 503 1412 569 vin·

269 610 373 676 dicare
389 610 472 674 hauc
488 631 614 674 noxam.
660 608 702 674 llt
718 609 828 674 statim
844 607 921 674 fecit
936 631 1107 694 preparare
1123 615 1155 675 et
1170 615 1282 694 aptare
1297 609 1416 674 multas

270 715 377 800 galeas
399 735 471 780 cum
494 714 605 778 multis
622 714 756 780 navibus
772 713 896 798 magnis
920 719 952 779 et
974 715 1038 780 alia
1059 717 1234 782 necessaria
1257 737 1317 800 pro
1333 713 1418 780 bello

269 825 302 884 et
323 841 382 904 pro
405 819 491 884 victu
523 841 559 884 ac
581 818 718 884 multum
742 819 895 904 populum
925 820 1112 886 bellicosum
1143 825 1176 885 et
1197 820 1363 906 navigavit
1385 820 1420 883 in

269 925 397 988 nomine
421 924 540 988 domini
564 928 597 988 et
618 925 707 989 venit
738 925 777 989 ad
801 944 935 1007 reguum
958 924 1076 1010 Cyprie
1098 931 1130 992 et
1152 926 1256 1010 primo
1277 925 1420 991 obtinuit

270 1031 431 1094 civitatem
448 1029 546 1094 Misso
561 1033 594 1094 et
609 1029 767 1094 destruxit
784 1051 863 1106 eam,
886 1029 968 1094 siout
984 1030 1077 1096 hodie
1092 1037 1236 1116 apparet.
1282 1031 1420 1096 Demum

270 1136 404 1200 intravit
426 1135 562 1199 insulam
585 1134 652 1198 sive
675 1155 811 1218 reguum
833 1136 866 1198 et
895 1134 1052 1200 destruxit
1074 1136 1193 1201 multas
1215 1136 1364 1201 civitates
1387 1140 1420 1200 et

269 1246 373 1307 castra
396 1243 428 1304 ot
450 1240 601 1324 spoliavit
624 1243 727 1304 totam
748 1243 867 1304 terram
892 1244 924 1305 et
948 1242 1034 1326 cepit
1058 1263 1164 1326 regem
1188 1246 1221 1307 et
1243 1240 1321 1307 iecit
1346 1265 1419 1307 eum

270 1348 307 1411 ad
332 1367 444 1429 parvas
467 1346 573 1429 pecias
595 1365 713 1410 secare.
758 1344 799 1408 Et
833 1345 878 1409 sic
901 1345 1062 1411 vindicata
1085 1347 1272 1431 virginitate
1301 1347 1421 1411 sororis

270 1473 412 1517 reversus
435 1454 483 1514 est
507 1471 578 1516 cum
602 1451 719 1535 gaudio
742 1451 779 1515 ad
805 1471 940 1536 regnum
961 1472 1055 1516 suum
1078 1451 1242 1537 anglicum
1258 1451 1278 1516 ¹.

358 1556 451 1622 Feria
473 1561 580 1636 sexta,
610 1556 660 1620 die
684 1554 833 1635 Veneris,
859 1557 899 1620 12
923 1557 973 1622 die
996 1558 1113 1622 mensis
1135 1556 1215 1624 Julii
1239 1557 1421 1623 dimisimus

271 1661 403 1746 Ciprum
426 1665 459 1726 et
474 1661 662 1727 divertimus
685 1682 741 1726 nos
765 1662 804 1725 ad
827 1684 915 1726 mare
930 1661 1042 1743 altum,
1067 1667 1099 1729 et
1114 1663 1306 1730 intravimus
1322 1661 1420 1742 Golff,

271 1767 326 1853 qui
350 1771 397 1831 est
420 1767 576 1832 maximus
599 1767 685 1830 inter
707 1767 798 1846 alios,
821 1772 854 1831 et
876 1768 1094 1852 navigavimus
1116 1790 1226 1834 versus
1247 1767 1344 1848 latia,
1367 1767 1421 1832 nbi

272 1879 320 1937 est
343 1877 454 1957 portus
479 1873 576 1937 maris
599 1879 632 1938 et
654 1876 739 1936 terre
755 1876 871 1938 sanate.
918 1873 959 1938 Et
983 1875 1015 1938 in
1032 1873 1139 1939 eadem
1155 1878 1248 1939 nocte
1271 1878 1304 1938 et
1327 1893 1423 1936 mane

272 1979 382 2043 sabato
398 1979 486 2042 venit
509 1978 647 2042 maxima
662 1977 803 2056 fortuna,
828 1982 861 2041 et
883 1978 961 2043 facti
984 1985 1060 2044 sunt
1083 1980 1174 2065 quasi
1197 1999 1306 2044 omnes
1329 1999 1422 2062 pere-

271 2085 356 2169 grini
380 2084 471 2148 valde
504 2084 623 2148 debiles
654 2088 686 2148 et
709 2083 846 2162 infirmi,
876 2084 928 2147 sed
953 2087 1066 2148 ventus
1090 2091 1159 2150 erat
1190 2106 1249 2170 pro
1272 2083 1367 2148 nobis
1390 2087 1423 2148 et

271 2190 492 2273 navigavimus
527 2189 734 2254 velocissime.
782 2187 823 2251 Et
855 2193 1008 2272 perventa
1041 2189 1133 2275 galea
1166 2191 1252 2256 ultra
1285 2188 1422 2275 golffum

272 2296 422 2381 apparuit
445 2295 478 2358 in
495 2295 626 2358 sinistra
650 2299 741 2377 parte
757 2293 932 2358 altissimus
947 2316 1046 2374 mons,
1071 2295 1200 2360 nomine
1215 2293 1422 2378 Nigermous‚

275 2403 306 2464 et
329 2401 478 2465 dixerunt
502 2401 638 2484 patroni,
663 2401 748 2485 quod
771 2400 804 2464 in
829 2400 886 2466 illo
907 2405 1016 2466 monte
1039 2401 1193 2466 remansit
1215 2404 1300 2465 stare
1324 2398 1422 2464 archa

274 2503 343 2569 Noe
360 2509 433 2587 post
451 2504 616 2586 diluvium,
641 2505 673 2569 in
698 2528 760 2591 qua
776 2506 844 2588 ipse
860 2507 1013 2571 remansit
1028 2529 1100 2572 cum
1115 2510 1236 2590 septem
1253 2506 1423 2570 animabus

273 2613 305 2673 et
327 2611 440 2674 ceteris
463 2609 654 2675 animalibus
667 2610 689 2676 ².
738 2611 873 2676 Demum
905 2613 978 2676 dnm
1010 2613 1230 2698 navigavimus
1262 2613 1300 2676 de
1324 2609 1422 2694 Cipro

273 2715 350 2779 benc
382 2715 517 2780 ducenta
548 2716 687 2780 miliaria
718 2739 825 2780 versus
856 2720 975 2781 terram
1004 2722 1166 2796 sanctam,
1202 2719 1423 2800 apparuerunt

272 2819 364 2883 valde
387 2820 523 2904 alonge
547 2821 603 2884 alti
620 2825 754 2902 montes,
778 2823 832 2906 qui
855 2827 931 2886 sunt
955 2825 1053 2888 etiam
1076 2825 1108 2887 in
1124 2827 1212 2888 terra
1226 2825 1347 2900 sancta,
1372 2822 1424 2886 sed

273 2949 336 2990 non
360 2947 468 2990 versus
484 2926 678 2990 lherusalem
703 2929 757 2991 sed
781 2929 813 2991 in
830 2929 962 2992 sinistra
984 2933 1092 3013 parte:
1116 2933 1267 2992 montane
1283 2925 1423 2991 Carmeli

273 3037 306 3094 et
330 3032 428 3111 Acrii,
454 3033 507 3096 ubi
531 3032 690 3097 habitavit
714 3034 871 3117 propheta
894 3033 1020 3114 Helias,
1051 3058 1147 3120 quem
1169 3035 1246 3100 deus
1268 3034 1302 3098 iu
1327 3055 1421 3098 curru

842 3139 858 3171 ἢ

345 3189 359 3241 1
378 3187 472 3258 Kduig
490 3188 615 3243 Richard
634 3207 689 3245 von
704 3188 835 3258 England
855 3189 983 3245 eroberte
1000 3190 1045 3245 die
1063 3191 1142 3255 insel,
1161 3190 1224 3246 vveil
1243 3190 1293 3245 der
1312 3189 1424 3244 beherr·

274 3275 352 3330 soher
371 3276 531 3343 darselben,
560 3277 656 3342 leuat,
684 3277 803 3332 schndde
822 3276 969 3331 absichten
997 3279 1048 3332 anf
1074 3279 1172 3333 dassen
1191 3279 1341 3333 schvvester
1366 3275 1422 3330 und

274 3363 359 3418 braut
377 3365 484 3432 plante.
521 3365 557 3421 So
577 3365 707 3436 Conrady
717 3366 769 3419 243
788 3383 863 3419 anm.
883 3367 916 3420 46
935 3383 952 3420 a
971 3366 1044 3420 nach
1055 3366 1177 3421 Wilken.
1216 3366 1336 3430 tudere,
1356 3383 1379 3418 a.
1394 3362 1423 3420 Β.

274 3449 371 3518 Lbher,
391 3452 509 3522 prern.
538 3451 686 3522 stuttgart
706 3453 782 3508 1818.
802 3453 849 3517 58,
878 3452 1030 3516 Schlosser,
1051 3453 1290 3524 Weltgesehichte
1310 3453 1344 3518 V,
1363 3451 1423 3514 431,

274 3539 354 3596 Bosio
373 3541 394 3604 1,
412 3542 465 3594 422
483 3541 606 3596 vveiohen
617 3559 671 3598 von
691 3541 781 3596 dieser
797 3539 976 3608 durstellung
994 3541 1080 3596 etvvas
1099 3541 1145 3597 ab.
1216 3543 1306 3595 2Am
1326 3541 1422 3595 bestcn
1453 3583 1456 3588 .

274 3628 430 3698 entspricht
442 3627 545 3683 diesem
563 3629 649 3698 berge
667 3628 717 3684 der
736 3629 802 3698 lage
820 3627 878 3682 und
898 3627 946 3682 der
965 3629 1037 3684 hbhe
1056 3630 1128 3684 nach
1147 3629 1197 3684 der
1210 3629 1347 3692 Libanon
1367 3625 1424 3681 und

274 3717 324 3771 ibn
342 3715 568 3772 hatteWalther
581 3717 651 3772 auch
665 3717 754 3771 sicher
772 3718 810 3770 im
830 3733 910 3786 auge,
929 3717 1051 3774 obscbon
1069 3717 1114 3772 ich
1132 3717 1186 3772 den
1198 3735 1299 3772 namen
1321 3715 1424 3784 »Niger

275 3823 370 3862 mons«
392 3805 472 3860 nicht
491 3804 539 3858 fiir
557 3805 606 3858 ibn
625 3805 718 3859 finden
736 3805 848 3870 konnte,
869 3806 924 3860 und
945 3806 1075 3862 Libanon
1094 3806 1144 3860 das
1163 3805 1267 3876 gerade
1281 3801 1423 3875 gegenteil

274 3894 399 3948 namlich
428 3892 547 3948 »vveisser
572 3893 656 3962 berg«
685 3892 826 3948 bedentet.
864 3893 943 3950 Nach
964 3896 1032 3951 Lud.
1054 3914 1079 3950 v.
1098 3896 1183 3952 Sudh.
1205 3896 1255 3951 102
1283 3889 1348 3950 hicss
1376 3891 1424 3945 der

274 3999 341 4051 aug,
367 3981 485 4037 vvelcher
503 3981 561 4035 sich
581 3998 645 4038 vom
665 3979 792 4037 Libanon
811 3999 903 4052 gegen
924 3983 1076 4040 Antiochia
1094 3983 1244 4044 crstreckt.
1273 3983 1423 4038 »montana

276 4071 384 4140 nigra«.
421 4071 458 4123 Er
476 4069 564 4124 findet
590 4069 620 4124 in
647 4069 696 4123 der
715 4069 787 4123 nahe
812 4069 860 4123 des
880 4071 1006 4127 Libanon
1024 4071 1075 4126 das
1094 4072 1159 4127 sehr
1177 4071 1344 4126 fruchtbare
1362 4066 1423 4123 thal

277 4159 376 4226 Bokar,
398 4175 485 4228 »quae
503 4176 578 4214 nunc
596 4157 682 4213 etiam
701 4155 834 4226 planities
853 4157 912 4212 Noe
932 4161 1057 4216 vocatur.
1095 4157 1170 4212 Nam
1190 4158 1252 4215 Noe
1270 4159 1335 4228 post
1352 4153 1422 4210 dilu-

279 4247 355 4301 vium
374 4247 478 4302 ibidem
505 4245 673 4302 habitavit«
711 4244 791 4300 Nach
811 4243 892 4298 Harff
911 4247 959 4300 198
988 4248 1068 4302 htttc
1087 4245 1171 4303 Noah
1198 4245 1244 4301 die
1270 4245 1351 4300 arche
1378 4259 1421 4296 am

278 4333 405 4388 Libanon
426 4335 576 4404 gelertigt,
602 4335 660 4389 und
680 4334 752 4400 nach
771 4332 853 4403 Sepp,
871 4334 927 4388 Jer.
947 4335 967 4401 l,
987 4337 1038 4390 594
1057 4335 1126 4390 land
1145 4334 1204 4390 sich
1222 4334 1274 4388 das
1294 4329 1423 4404 grabmal

279 4420 375 4478 Noahs
399 4441 432 4476 au
451 4423 544 4479 Kerak
563 4440 609 4479 am
628 4423 763 4478 Libanon.
