3056 4944
656 313 718 379 103

108 491 256 557 remittat
286 490 379 556 nobis
409 491 515 555 omnia
537 493 665 576 peccata
695 495 805 556 nostra
838 493 870 554 et
901 489 1066 574 indulgeat
1089 489 1261 555 clementor

107 617 217 660 omnes
234 616 332 679 penas
355 616 415 678 pro
439 595 576 678 peccatis
598 595 732 675 debitas,
757 599 790 659 et
804 598 950 660 sanctum
965 593 1107 674 Petrum,
1131 599 1168 659 ut
1190 595 1260 679 ipse

107 699 173 764 suis
197 701 323 766 meritis
346 721 404 765 nos
419 699 560 784 perfecto
582 705 720 766 amorte
735 700 897 785 spirituali
914 699 1091 780 resuscitet,
1113 703 1151 764 ut
1172 699 1259 764 ultra

106 827 193 872 mors
208 805 331 890 peccati
347 826 411 871 non
429 805 610 870 dominetur
625 805 726 886 nobis,
751 809 783 870 et
799 805 973 870 interficiat
995 805 1029 869 in
1044 804 1136 869 nobis
1151 825 1260 868 omues

105 910 306 996 serpentinas
329 913 363 976 et
386 911 534 976 bestiales
556 909 754 990 affectiones,
788 915 820 976 et
843 931 899 975 nos
921 910 1028 994 capiat
1050 909 1179 975 fortiter
1201 930 1258 974 suo

105 1017 198 1082 rethe
221 1038 296 1080 sane
311 1015 464 1095 doctrino,
487 1019 525 1081 ut
540 1015 702 1082 valeamus
727 1017 761 1080 in
776 1015 883 1100 gratia
898 1036 1100 1100 perseverare
1123 1018 1156 1080 et
1178 1015 1258 1079 fina-

105 1122 182 1188 liter
204 1127 327 1186 terram
349 1125 510 1201 sanctam,
544 1119 692 1186 celestem
716 1119 922 1200 iherusalem,
956 1120 1099 1186 introire.
1146 1119 1258 1184 Amen.

193 1226 288 1291 Circa
302 1225 387 1291 Jaffa
409 1229 457 1290 est
472 1229 594 1310 portus,
617 1225 672 1290 ubi
688 1224 788 1291 Jonas
809 1225 968 1310 propheta
983 1225 1120 1291 intrarit
1136 1247 1258 1306 navem,

105 1332 216 1398 rolens
239 1331 352 1415 fugere
374 1353 392 1394 a
415 1330 495 1396 faeie
510 1331 630 1396 domini
653 1332 686 1395 in
703 1329 854 1396 Tharsim
877 1335 909 1395 et
932 1330 1020 1396 dedit
1034 1330 1161 1396 nautam
1185 1331 1258 1395 dor·

104 1437 263 1522 misitque
286 1436 321 1500 in
337 1457 455 1520 puppe.
501 1435 542 1501 Et
565 1440 636 1501 orta
651 1439 844 1520 tempestate
859 1436 1019 1520 proiectus
1042 1439 1090 1500 est
1111 1436 1144 1500 in
1160 1457 1258 1516 mare,

105 1543 283 1627 statimque
306 1544 394 1606 cetus
417 1540 597 1626 deglutiens
620 1563 709 1621 eum,
743 1545 775 1606 et
797 1541 860 1606 fuit
883 1541 916 1606 in
939 1545 1050 1606 ventre
1073 1541 1136 1607 ceti
1155 1524 1259 1627 'usque
1378 1545 1383 1558 '

104 1649 138 1713 in
161 1648 248 1713 diem
271 1647 414 1711 tertium.
460 1644 551 1710 Tunc
573 1646 692 1732 absque
715 1645 835 1712 lesione
852 1645 995 1712 evomuit
1018 1667 1091 1712 eum
1113 1651 1201 1712 cetus
1223 1647 1258 1711 in

105 1759 244 1832 terram,
276 1751 360 1816 sicut
391 1751 527 1816 habetur
550 1749 633 1817 Jone
663 1751 768 1836 primo
792 1751 944 1834 capitulo.
990 1750 1089 1817 Jonas
1112 1749 1259 1835 designat

105 1857 282 1936 Christum,
306 1856 361 1941 qui
385 1855 520 1921 intravit
542 1877 655 1921 navem
677 1855 815 1921 humans
838 1859 961 1936 nature,
985 1859 1017 1920 et
1040 1859 1112 1921 orta
1135 1859 1257 1941 tempe-

105 1965 188 2027 state
210 1983 267 2026 sue
289 1961 447 2046 passionis
469 1962 632 2046 proiectus
656 1966 704 2027 est
735 1963 773 2026 ad
804 1983 892 2026 mare
913 1961 1112 2026 amarissime
1133 1964 1257 2043 mortis,

105 2069 280 2153 statimque
295 2068 436 2152 suscepit
458 2073 545 2133 terra
558 2089 693 2153 corpus,
718 2067 864 2133 infernus
880 2089 954 2134 vero
970 2066 1109 2130 animam
1123 2066 1257 2130 sanctis·

105 2173 228 2238 simam.
275 2173 318 2238 Et
340 2175 501 2240 destructo
526 2176 656 2239 baratro
679 2175 776 2240 tertia
799 2173 849 2238 die
872 2173 986 2238 solutis
1001 2171 1162 2237 doloribus
1184 2170 1255 2257 glo·

106 2279 188 2342 risse
203 2279 381 2344 resurrexit
402 2281 435 2342 et
450 2278 543 2344 nohis
558 2300 646 2363 spem
663 2277 767 2343 felicis
781 2277 1025 2344 resurrectionis
1040 2275 1253 2342 firmissimam

104 2383 191 2448 dedit
213 2388 274 2448 stc.

195 2487 239 2553 Et
261 2491 350 2552 sexta
372 2489 452 2554 foria
475 2493 549 2555 ante
572 2489 672 2555 Mario
696 2489 905 2575 Magdaleno‚
938 2509 1000 2576 que
1032 2492 1100 2554 erat
1127 2488 1165 2554 19
1189 2488 1255 2554 dies

108 2593 225 2660 mensis
248 2591 338 2674 Julii‚
368 2595 452 2660 cirea
473 2595 637 2660 meridiem
661 2595 880 2660 confluxerunt
902 2595 1000 2675 azini,
1032 2599 1065 2659 et
1088 2593 1257 2680 assignatis

105 2699 255 2764 omnibns
286 2697 383 2763 asinis
407 2701 603 2766 ascendimus
639 2701 753 2766 bestias
787 2707 820 2766 et
851 2703 933 2766 circa
954 2699 1121 2764 secundam
1144 2699 1256 2763 horam

105 2826 177 2870 eum
200 2824 320 2888 magno
335 2805 489 2870 desiderio
512 2808 545 2871 et
567 2805 734 2871 devotione
757 2805 860 2871 cordis
875 2805 1067 2870 asinar-imus
1082 2825 1190 2869 omnes
1212 2804 1255 2868 si-

104 2909 182 2992 mul,
206 2907 381 2975 Christiani
408 2914 440 2974 et
461 2911 592 2996 pagani,
613 2911 646 2975 in
669 2914 788 2976 terram
804 2916 955 2992 sanctam,
979 2908 1127 2975 nonnulli
1150 2908 1255 2974 Mauri

103 3019 177 3082 ante
201 3037 259 3082 nos
283 3021 316 3081 et
338 3017 487 3082 nonnulli
513 3005 599 3084 retro
630 3039 705 3098 nos,
738 3017 943 3084 defendentes
977 3021 1009 3082 et
1036 3015 1156 3080 salvum
1180 3037 1255 3082 con·

103 3121 233 3186 ductum
251 3121 373 3188 dantes.
419 3121 461 3188 Et
478 3123 584 3206 primo
606 3123 645 3188 ad
669 3123 731 3190 duo
746 3123 885 3188 miliaria
900 3123 1009 3189 italica
1024 3121 1164 3187 occuuit
1178 3120 1256 3186 villa
1277 3200 1280 3208 Ι

103 3227 232 3292 nomine
254 3225 364 3292 Jassar
379 3225 404 3304 ¹3
437 3227 482 3291 ibi
512 3232 720 3294 occurrerunt
749 3229 897 3294 mulieres
920 3227 1112 3313 proicientes
1134 3225 1256 3310 lapides

104 3337 230 3410 contra,
254 3331 560 3397 anathematizantes
592 3353 649 3398 nos
680 3337 712 3397 et
735 3333 919 3399 estimantes
939 3353 996 3397 nos
1019 3331 1166 3416 indignos
1189 3352 1255 3396 esse

104 3435 334 3501 ambulandum
353 3441 582 3521 superterram
598 3436 620 3502 ¹.
666 3437 801 3504 Demum
817 3439 987 3503 habuimus
1003 3435 1136 3517 fontem,
1160 3458 1254 3523 quem

105 3540 240 3605 trabunt
263 3541 357 3622 asini,
380 3545 413 3607 et
435 3542 480 3606 ibi
504 3543 657 3608 biberunt
673 3543 835 3630 peregrini
860 3548 892 3608 et
915 3543 1058 3608 iumenta
1072 3539 1094 3608 ⁸.
1140 3541 1254 3608 Postea

676 3648 690 3678 1

174 3699 188 3752 l
211 3696 305 3752 Jaaur.
342 3697 431 3752 Unssr
448 3697 542 3768 pilger
559 3700 598 3755 ist
615 3699 665 3755 der
684 3701 771 3764 erate,
799 3699 848 3754 der
866 3699 959 3755 diesen
977 3703 1023 3755 ort
1043 3701 1147 3764 nennt;
1174 3697 1253 3755 Tobl.

105 3783 169 3856 Top.
191 3784 228 3850 ΙΙ,
247 3785 308 3850 640,
326 3784 376 3840 der
394 3801 423 3839 es
441 3787 498 3840 erst
512 3787 579 3842 1575
598 3787 727 3842 eruthnt
738 3785 834 3854 findet,
853 3787 906 3842 hat
919 3785 1080 3852 ubersehen,
1099 3785 1163 3840 dass
1182 3785 1254 3840 auch

105 3871 186 3928 Fabri
207 3872 229 3938 1,
247 3871 298 3927 all
319 3889 374 3927 ron
396 3870 456 3926 ihm
474 3872 587 3942 sprioht.
623 3874 748 3929 Raumer
773 3873 831 3928 und
849 3872 931 3945 Sepp,
949 3873 1004 3930 Jsr.
1024 3873 1045 3938 Ι,
1064 3875 1098 3928 25
1118 3873 1137 3928 f.
1154 3871 1254 3927 halten

106 3979 132 4016 er
149 3961 196 4016 dtr
209 3959 261 4016 das
277 3959 307 4014 in
320 3959 370 4015 der
383 3959 461 4014 bihel
473 3960 559 4016 olters
571 3963 715 4032 genannte
727 3959 824 4026 Gezer,
838 3959 944 4016 Gutrin
957 3961 1086 4032 dagegen
1098 3959 1254 4016 beaweilelt

105 4048 148 4103 dia
166 4047 333 4118 richtigkait
352 4047 442 4103 dieser
464 4049 613 4104 annahme.
649 4047 825 4119 Description
850 4049 1072 4120 geographique,
1101 4047 1254 4118 historique

104 4139 131 4191 et
149 4133 366 4205 araheologique
383 4133 418 4190 de
436 4134 465 4190 la
477 4134 627 4191 Palestiue.
655 4135 735 4190 Paris
757 4135 824 4191 1868
842 4135 936 4192 bis80.
974 4135 1015 4190 La
1032 4135 1121 4190 Jndee
1140 4135 1160 4198 Ι,
1180 4135 1214 4190 26
1232 4135 1252 4195 f.

103 4221 120 4276 2
138 4223 189 4278 Die
207 4223 301 4294 pilger
319 4223 420 4278 hatten
438 4225 511 4279 trota
532 4223 580 4280 des
598 4223 687 4279 freien
705 4223 821 4294 geleites
836 4241 889 4280 von
910 4224 959 4280 der
971 4221 1187 4278 einheimischon
1206 4224 1252 4280 be-

105 4310 261 4381 rollrsrung
281 4307 402 4366 viellaah
419 4309 505 4381 groba
523 4311 781 4382 beschimpiungen,
799 4310 1050 4379 misshandlungen
1072 4309 1131 4364 und
1147 4310 1252 4366 brand·

105 4398 262 4467 umuung
270 4413 305 4451 au
315 4395 458 4453 erdulden.
477 4395 561 4453 Rohr.
572 4397 604 4454 D.
614 4397 683 4470 pilg.
694 4399 737 4466 22,
747 4398 832 4454 Fabri
841 4399 863 4464 l,
874 4400 933 4464 199,
943 4397 1030 4453 22011.
1041 4413 1067 4452 a.
1076 4413 1100 4456 o.
1161 4401 1179 4455 3
1196 4398 1253 4456 Ain
