3062 4938
674 313 714 381 31

117 492 313 578 negativum.
362 489 405 556 Et
429 511 497 557 ecee
512 491 627 556 iterum
644 491 721 556 deus
741 490 901 575 apparuit,
925 489 1036 557 volens
1060 512 1110 556 me
1125 492 1271 576 probare.

118 595 238 662 Videns
253 601 375 673 autern,
399 595 482 680 quod
497 594 580 659 nihil
601 595 692 679 potui
722 595 884 679 proficere,
909 596 1068 680 resignavi
1090 618 1140 660 me
1164 600 1196 660 et
1217 617 1272 660 ne·

117 701 242 785 gotium
266 722 373 765 mauro
406 700 464 765 deo
486 700 644 780 fideliter,
679 701 892 786 inquantum
925 704 1033 785 potuir
1068 701 1139 767 dedi
1162 723 1213 765 me
1235 703 1272 764 ad

118 806 327 890 patientiam,
361 809 394 870 et
417 805 569 870 inclinavi
592 827 644 870 me
666 805 706 870 ad
729 805 819 870 illam
841 805 1076 883 obedientiam,
1109 806 1274 890 postulans

117 911 179 976 sibi
198 910 210 948 ¹
232 911 377 989 litteras,
410 931 587 995 rogansque
612 911 775 976 dominum
800 910 925 976 ihesum
950 913 1062 977 devote
1086 916 1118 976 et
1141 911 1274 976 solerter

119 1017 165 1100 [p.
184 1017 242 1099 16]
265 1015 408 1096 interim,
430 1021 467 1080 ut
489 1018 590 1100 potui,
614 1021 650 1082 ut
666 1017 734 1100 ipse
750 1017 939 1101 dignaretur
961 1039 1018 1080 sua
1033 1017 1192 1100 sapientia
1217 1039 1272 1080 ne-

117 1122 243 1205 gotium
267 1143 374 1187 meum
396 1121 534 1206 dirigere
566 1127 598 1186 et
621 1143 731 1207 regere
763 1122 803 1186 ad
832 1145 921 1188 susm
954 1121 1080 1187 laudem
1114 1128 1146 1186 et
1168 1143 1273 1186 meum

116 1224 311 1308 profectum.
358 1225 399 1290 lit
429 1225 475 1290 sio
497 1230 638 1290 armatus
661 1227 820 1310 patientia
849 1232 881 1291 et
903 1227 1140 1311 resignatione,
1172 1227 1273 1310 figens

117 1331 292 1396 anchoram
310 1331 490 1396 firmissime
510 1333 577 1416 spei
595 1333 626 1396 in
644 1333 861 1397 dulcissimum
878 1332 1015 1411 lhesum,
1040 1334 1094 1418 qni
1110 1337 1273 1416 sperantes

51 1441 55 1452 '
119 1437 154 1500 in
177 1457 213 1500 se
228 1457 392 1520 nunquam
409 1435 589 1521 dereliquit,
613 1459 705 1520 quern
723 1442 756 1501 et
770 1437 994 1521 principaliter
1017 1439 1050 1502 iu
1067 1438 1128 1503 hoo
1145 1437 1273 1520 negotio

117 1563 247 1625 semper
262 1542 414 1625 proposui
437 1547 470 1608 et
487 1543 609 1628 quesivi
632 1549 664 1608 et
679 1563 780 1628 usque
802 1543 837 1607 in
856 1545 951 1608 finem
974 1545 1041 1608 vite
1056 1565 1125 1608 mee
1141 1565 1273 1627 querere

117 1669 184 1712 non
207 1647 360 1712 desinam.
407 1647 448 1712 Et
478 1669 548 1714 ecee
577 1648 725 1712 mirabile
755 1654 787 1714 et
810 1649 960 1714 memorie
994 1669 1062 1712 mee
1087 1651 1164 1712 berre
1187 1670 1271 1713 oom-

118 1753 334 1817 mendandum
359 1753 556 1832 benefimum,
588 1755 671 1838 qnod
696 1754 764 1838 ipae
785 1758 935 1839 operatus
964 1759 1012 1818 est
1044 1754 1123 1818 mihi
1156 1777 1193 1818 ex
1216 1775 1273 1818 aue

116 1858 251 1942 speciali
275 1858 382 1944 gratia
404 1863 436 1923 et
459 1857 636 1925 dulcedine.
683 1857 767 1923 Nam
800 1860 831 1923 in
862 1860 931 1942 ipsa
953 1863 1076 1924 statuta
1098 1859 1149 1924 die
1172 1880 1272 1924 recea-

116 1963 218 2027 sionis
240 1984 328 2042 mee,
360 1962 527 2027 valedictis
558 1963 704 2046 patribus
737 1969 770 2028 et
792 1963 949 2028 fratribus
982 1963 1014 2026 in
1050 1967 1206 2026 conventu
1236 1963 1273 2024 de

121 2067 258 2145 Aviuea,
281 2066 448 2132 sarcinolis
470 2067 503 2132 iu
528 2067 669 2133 humeris
683 2069 801 2132 nostris
816 2069 939 2152 positis,
961 2069 994 2132 in
1011 2068 1138 2132 nomine
1154 2065 1272 2130 domini

117 2173 276 2238 exivimus
291 2177 483 2236 conventum
500 2172 752 2258 intravimusque
766 2173 923 2238 sonticum
939 2175 959 2237 i.
975 2195 1001 2239 e.
1020 2174 1146 2238 domum
1164 2171 1270 2235 Theu-

118 2279 300 2342 tonicorum
316 2281 538 2343 mercatorum.
563 2276 676 2362 ibique
687 2279 728 2342 ab
743 2279 822 2362 ipsis
842 2279 980 2362 pretiose
996 2283 1028 2342 et
1048 2277 1135 2342 laute
1151 2277 1272 2356 refecti,

118 2389 220 2449 nauta
236 2385 276 2448 ad
294 2383 404 2448 horam
419 2383 635 2466 vespertinam
650 2383 840 2464 deducendo,
862 2387 899 2448 nt
914 2387 1099 2448 consuetum
1117 2386 1174 2462 est,
1198 2403 1272 2446 oon·

117 2491 245 2569 ductus,
269 2493 302 2552 et
324 2487 370 2553 sic
391 2488 527 2573 singulis
543 2488 725 2553 terminatis
747 2493 779 2553 et
794 2487 961 2568 ordinatis,
985 2489 1029 2552 ivi
1046 2487 1160 2552 tollere
1183 2486 1272 2550 litte·

118 2617 188 2658 ram
211 2617 232 2658 a
255 2594 426 2658 reverendo
456 2597 548 2676 patre
571 2594 691 2659 noerio
714 2595 752 2659 ad
775 2600 920 2659 sanctum
942 2592 1016 2659 Job.
1062 2592 1104 2656 Et
1127 2591 1272 2675 contigit,

119 2705 237 2765 utnon
256 2700 378 2778 dubito,
401 2721 439 2765 ex
455 2700 662 2783 dispositione
677 2699 794 2780 divina,
811 2701 893 2785 quod
909 2699 1082 2784 gordianus
1097 2703 1271 2762 conventus

118 2805 223 2870 sancti
238 2803 400 2868 anoisci
423 2804 462 2870 de
485 2805 606 2870 Avinea
628 2811 698 2870 erat
720 2806 805 2872 solua
828 2827 900 2870 cum
917 2804 1088 2870 reverendo
1112 2807 1203 2887 patre
1225 2801 1271 2865 vi-

118 2910 207 2974 cario
230 2909 265 2972 in
289 2929 423 2975 camera.
470 2907 512 2973 Et
534 2909 676 2976 intrante
699 2934 750 2975 me
771 2911 808 2976 ad
834 2911 935 2994 ipseo,
968 2909 1077 2974 volens
1100 2907 1274 2972 valedicere

119 3037 210 3080 auam
227 3013 437 3080 reverentiam
453 3019 485 3079 et
500 3014 614 3080 tollere
630 3015 784 3096 litteram,
807 3017 977 3080 incurvans
998 3036 1049 3078 me
1063 3011 1273 3098 geniculando

120 3143 228 3186 eoram
252 3141 300 3196 eo,
323 3120 407 3184 sicut
421 3119 535 3200 decuit,
552 3122 699 3204 prevenit
723 3143 772 3186 me
794 3121 915 3185 dicens:
943 3117 988 3183 »Ο
1004 3119 1106 3183 frater
1128 3117 1190 3181 mi!
1215 3136 1273 3200 ego

119 3228 259 3292 multum
281 3225 372 3290 doleo
395 3246 450 3290 vos
472 3247 491 3289 a
513 3248 563 3288 me
586 3226 733 3302 mittere,
758 3247 818 3310 ego
840 3225 954 3289 vellem
977 3227 1009 3288 te
1030 3224 1134 3288 locare
1157 3224 1194 3286 ad
1219 3243 1274 3286 cor

121 3354 238 3412 meum,
261 3331 288 3394 si
303 3330 454 3413 possibile
477 3335 587 3394 esset«
637 3331 677 3394 Et
696 3330 854 3395 convertit
876 3351 909 3394 ae
932 3330 971 3394 ad
988 3329 1176 3413 gardianum
1200 3349 1271 3410 pre-

122 3435 226 3500 fatum
248 3435 370 3500 dicens:
396 3433 442 3500 »Ο
458 3440 549 3518 pater
565 3437 736 3519 gordiane!
761 3457 839 3520 rogo
861 3457 926 3514 vos,
949 3436 1084 3500 retinete
1102 3433 1181 3498 mihi
1198 3433 1272 3498 illos

122 3539 240 3606 fratres
267 3543 399 3624 propter
433 3540 562 3605 deumlr
611 3540 788 3625 Respondit
820 3545 912 3624 pater
944 3539 1117 3622 gardianus
1149 3540 1271 3604 dicens:

127 3645 328 3711 ,Reverendo
349 3647 454 3729 pater!
477 3644 602 3726 Sciatis,
626 3647 709 3730 quod
733 3668 792 3731 ego
813 3646 1002 3710 invitissima
1025 3645 1153 3710 dimitto
1177 3646 1271 3710 illum

122 3756 259 3834 patrem,
282 3755 424 3815 attamen
450 3751 529 3814 bene
551 3751 640 3816 scitis
663 3750 916 3836 dispostitionem
940 3755 1141 3815 conventus«
1190 3750 1271 3814 Sub-

124 3855 228 3920 iunxit
249 3855 403 3920 vicarius:
433 3855 521 3939 »Ego
544 3857 616 3922 volo
639 3857 726 3941 loqui
750 3855 917 3922 conventui
942 3861 975 3920 et
997 3877 1092 3938 super
1117 3877 1165 3918 me
1190 3854 1268 3918 reoi-

126 3981 216 4042 pere;
250 3967 283 4024 et
306 3961 361 4024 ille
384 3965 476 4044 pater
497 3962 600 4040 debet,
624 3965 661 4026 ut
683 3983 794 4046 spero,
825 3961 988 4044 predicare
1011 3967 1043 4026 et
1066 3959 1175 4023 audire
1198 3977 1273 4019 eon·

126 4063 272 4129 iessiones
306 4065 494 4129 secularium
532 4067 758 4132 Alarnauorum
799 4075 831 4132 et
867 4089 921 4131 vos
960 4065 1098 4130 fideliter
1132 4064 1271 4126 iuvare<

125 4168 253 4234 Auditis
275 4169 338 4234 hiis
354 4170 458 4234 verbis
474 4171 664 4254 profundius
686 4195 736 4236 me
752 4172 913 4252 inclinavi,
936 4171 1071 4236 offerens
1086 4188 1137 4230 me
1160 4167 1197 4230 ad
1214 4167 1271 4230 ab·

689 4313 708 4350 a

200 4395 213 4449 1
231 4393 362 4450 Offenbar
381 4394 460 4449 milri.
