3062 4938
646 338 702 402 ‘43

112 512 147 577 de
167 511 282 596 quibus
297 513 428 597 quidam
445 534 584 577 summus
600 513 744 596 pontifex
769 513 801 578 in
817 513 955 598 epistola
971 516 1104 599 quadam
1122 515 1253 598 scripsit

111 621 214 682 eontra
237 618 398 702 quendam
421 639 526 702 regem
543 618 730 694 Turocrum,
753 617 799 682 sio
820 619 985 704 inquiens:
1017 619 1147 684 »Habeo
1170 621 1254 685 viros

111 743 274 805 generosos
290 721 474 802 Alamanos‚
498 723 624 787 nomine
640 721 767 802 Suevos,
793 723 847 808 qui
875 724 992 788 audent
1015 746 1129 808 corpus
1152 729 1185 789 et
1207 725 1252 788 vi-

112 833 169 892 tam
192 851 253 913 pro
276 829 335 896 deo
358 833 468 893 nostro
491 827 583 892 lhesn
607 827 733 892 Christo
757 850 914 911 exponere
937 835 969 893 et
991 829 1151 912 intrepide
1174 829 1256 894 inire

110 937 258 1012 mortem,
292 955 372 1019 quos
395 938 506 998 contra
539 939 572 998 te
594 933 721 998 mittere
744 934 835 1012 volo,
866 942 899 998 et
922 956 985 999 non
1019 934 1198 1018 prevalebis
1221 935 1254 998 in

110 1037 185 1104 faeie
207 1061 339 1119 eorum,
372 1039 425 1103 sed
448 1059 574 1102 corrues
597 1043 633 1104 nt
656 1059 765 1104 musea
787 1061 844 1122 per
867 1039 1029 1124 flagellum
1054 1039 1253 1122 pereussa¹.‹

110 1143 153 1208 De
174 1144 238 1208 hiis
262 1167 314 1209 me
335 1143 439 1208 fateor
461 1144 617 1209 exilimus.
664 1144 707 1208 Et
730 1145 801 1230 quis
826 1145 907 1210 alius
930 1149 991 1224 est,
1014 1145 1069 1228 qui
1092 1146 1198 1222 audet,
1223 1149 1255 1209 et

109 1269 172 1331 ego,
194 1272 273 1335 ymo
296 1249 368 1334 plus
391 1271 467 1333 ego3
491 1250 572 1314 mori
597 1251 704 1334 potins
726 1250 827 1335 glisco
849 1251 882 1316 in
899 1251 1026 1316 domino
1043 1249 1136 1314 lhesu
1160 1273 1254 1334 qnam

109 1355 210 1418 intuli
235 1355 289 1418 via
304 1355 438 1420 retroire
454 1359 546 1418 extra
561 1352 699 1420 lhesum.
746 1353 872 1439 Sagitta
888 1377 956 1419 mea
976 1354 1064 1418 abire
1079 1375 1141 1418 non
1162 1353 1255 1417 debet

109 1459 246 1524 inaniter
267 1463 442 1524 retrorsum
474 1459 527 1522 sed
560 1480 687 1523 currere
716 1459 835 1525 directe
857 1460 895 1524 ad
918 1460 1047 1541 signum
1069 1457 1188 1537 crucis,
1220 1457 1254 1520 in

108 1587 166 1649 qua
188 1566 297 1649 ipsum
322 1563 450 1628 Ihcsum
481 1569 650 1646 expectens
680 1565 858 1643 inveniam,
888 1587 981 1649 quem
1017 1563 1126 1646 diligit
1148 1563 1255 1627 anima

108 1691 183 1748 mea,
209 1669 266 1754 qni
290 1689 349 1752 pro
377 1689 514 1734 menon
538 1669 619 1732 abiit
641 1674 831 1751 retrorsum,
855 1671 909 1734 sed
931 1673 1044 1754 sponte
1070 1689 1103 1732 se
1125 1667 1254 1747 obtulit,

109 1773 286 1838 voluntarie
309 1773 380 1852 ivit,
404 1773 549 1838 baiulans
571 1774 632 1838 sibi
649 1796 775 1840 erucem
798 1781 830 1840 et
845 1776 1004 1840 sustinens
1021 1777 1166 1838 mortem.
1213 1772 1255 1836 Et

109 1879 176 1963 qnia
200 1879 338 1943 fratrum
366 1880 404 1944 de
426 1879 628 1946 observantia
650 1881 825 1965 trepidaret
855 1883 894 1945 ad
926 1885 991 1946 tam
1015 1878 1253 1944 saluberrimam

107 1984 317 2049 obedientiam
340 1985 511 2050 accedere?
556 1982 697 2068 Opater
720 1986 781 2050 mi!
822 1985 872 2051 Ne
894 2007 944 2050 nre
968 1983 1177 2067 derelinquas,
1201 1982 1254 2046 aed

107 2089 229 2174 suscipe
252 2111 302 2154 me
326 2111 397 2154 cum
417 2090 597 2154 obedientia
614 2089 743 2156 ecclesie
765 2095 798 2156 et
820 2095 876 2155 tua
898 2091 938 2155 ad
960 2089 1018 2154 hec
1040 2086 1201 2170 magnalia
1224 2090 1256 2150 et

107 2193 346 2259 desiderabilia!
394 2192 482 2278 Rogo
504 2193 682 2274 humilime‚
705 2195 817 2278 flagito
840 2195 971 2274 obnixe,
994 2193 1140 2277 supplico
1163 2192 1255 2256 corde

107 2304 137 2363 et
158 2321 225 2380 ore,
248 2321 286 2364 ao
307 2300 334 2363 si
357 2321 462 2365 coram
485 2299 618 2384 pedibus
650 2302 715 2364 tuis
737 2305 917 2385 prostratus
940 2301 1093 2392 iacerem3
1124 2295 1255 2362 habebis

106 2405 188 2470 enirn
215 2427 267 2469 me
289 2405 323 2468 in
339 2403 402 2470 hiis
418 2425 476 2488 pro
500 2409 543 2484 te,
567 2427 616 2468 me
639 2411 671 2470 et
693 2406 823 2470 nostris.
869 2404 936 2470 Her
960 2403 1101 2469 breviter
1124 2405 1156 2466 et
1179 2401 1255 2466 aim-

109 2509 239 2593 pliciter
262 2513 391 2574 exarata
406 2511 499 2574 eorde
519 2510 681 2594 recipiatis
703 2514 735 2574 et
751 2531 872 2574 memor
887 2510 957 2574 sitis
980 2509 1042 2574 mei
1058 2513 1201 2590 tempore
1224 2510 1255 2570 et

109 2613 177 2680 looo
199 2618 400 2698 opportuno!
436 2613 590 2680 Dominus
606 2614 718 2681 lhesus
734 2620 868 2680 vestram
893 2616 1085 2701 dignitatem
1108 2613 1141 2676 in
1165 2617 1252 2676 ntro-

108 2743 168 2804 qne
198 2717 355 2784 homine¹
384 2721 571 2785 incolumem
605 2725 778 2786 conservet.
825 2719 917 2785 Datis
939 2719 1084 2784 Venetiis
1113 2719 1148 2782 in
1179 2739 1253 2782 oon·

107 2829 202 2890 ventu
225 2824 264 2889 de
284 2824 418 2905 Arinen,
441 2827 496 2891 ubi
519 2827 692 2910 expectabo
714 2825 804 2910 pium
828 2829 861 2891 et
883 2831 1051 2910 paternum
1069 2845 1253 2908 responsum

107 2930 192 2996 infra
216 2928 291 2993 hinc
315 2933 347 2993 et
367 2929 571 2996 Ascensionis
594 2931 722 2995 domini.
744 2915 746 2918 ⁵
767 2929 852 2996 Nam
874 2931 953 2996 alias
976 2935 1109 3014 expecto
1132 2930 1254 3014 ingres-

106 3056 173 3100 sum
204 3041 292 3102 terre
321 3042 428 3102 sancte
459 3043 493 3102 et
524 3037 637 3102 limina
659 3035 844 3120 apostolica.
891 3039 985 3100 Anno
1012 3035 1091 3100 1481
1117 3033 1255 3098 infesto

108 3140 345 3207 Innocentum.‹
395 3142 436 3206 Et
467 3143 613 3227 deinceps
647 3163 717 3207 cum
750 3163 866 3227 magno
897 3142 1013 3206 affeetu
1048 3140 1251 3223 expectabam

109 3269 309 3331 responsum,
332 3247 384 3311 sed
408 3269 500 3314 nemo
524 3247 600 3313 illi⁸
623 3248 738 3324 dabat;
770 3247 853 3312 forte
877 3251 1010 3330 propter
1033 3249 1163 3329 peccata
1185 3267 1255 3310 mea

111 3351 184 3416 deus
205 3372 257 3415 me
280 3351 319 3416 ad
341 3350 402 3416 hoc
424 3374 487 3418 non
511 3352 692 3437 elegit'ete.
738 3350 822 3416 Laus
851 3352 918 3432 deo,
941 3351 997 3436 qui
1019 3351 1126 3416 omnia
1148 3352 1254 3435 dispo·

110 3455 156 3520 nit
176 3456 273 3521 bene!

193 3559 273 3626 cum
296 3567 402 3627 autem
426 3585 523 3628 essem
544 3567 745 3647 presentatus
768 3567 801 3628 et
825 3562 978 3627 admissus
1001 3583 1060 3646 pro
1076 3561 1254 3628 confessore

111 3667 303 3744 secularium,
328 3669 432 3753 incepi
456 3673 530 3734 aute
558 3669 771 3734 Nativitatem
794 3667 923 3734 Christi.
970 3667 1012 3733 Et
1034 3669 1156 3752 primus
1179 3690 1254 3733 con-

113 3771 198 3836 litens
213 3775 400 3858 apportavit
414 3775 494 3840 mihi
511 3797 658 3860 magnam
676 3775 930 3840 tribulationem.
975 3771 1058 3838 Nam
1084 3796 1155 3839 cum
1172 3779 1255 3838 esset

112 3877 254 3944 secularis
285 3884 318 3943 et
341 3879 438 3944 vellet
461 3885 550 3945 extra
572 3885 758 3946 consuetum
783 3886 907 3965 tempus
930 3881 1091 3960 confiteri,
1124 3859 1190 3944 dixi
1215 3879 1254 3942 ad

113 4003 179 4048 eom
193 3989 268 4050 ante
284 3984 512 4050 confessionem
526 3985 553 4051 ⁴:
582 3985 667 4063 »Qua
683 3991 730 4051 est
747 3987 898 4051 sanctitas
913 3993 1027 4064 vestra,
1044 4007 1141 4070 quare
1156 3981 1255 4046 vultis

179 4159 190 4213 l
213 4156 342 4214 Weleber
361 4161 445 4228 papst
463 4158 521 4214 sich
539 4111 753 4230 deramigbber
771 4159 816 4216 die
834 4159 988 4216 Schwaben
1006 4157 1156 4228 aetutem,
1177 4155 1254 4212 kann

113 4243 152 4300 ich
168 4244 254 4302 leider
273 4243 353 4300 nicht
373 4245 510 4315 engeten.
581 4248 634 4304 ai.
653 4265 676 4305 e.
694 4248 833 4319 corporali
852 4250 881 4302 et
894 4243 1045 4317 spirituali.
1118 4243 1253 4300 bleden-

22 4345 23 4350 ’
113 4331 172 4388 talla
190 4333 268 4390 milri.
341 4331 473 4388 4Dieaer
488 4335 629 4401 umstand‚
648 4335 713 4391 dass
735 4336 880 4406 dieganae
898 4335 959 4389 hier
972 4331 1141 4402 angefdhrte
1159 4335 1255 4390 unter-

118 4419 219 4492 redung
239 4420 357 4477 verder
376 4419 644 4490 buiamundum,
673 4425 711 4479 ist
729 4423 803 4480 vvohl
831 4441 865 4478 an
887 4421 1038 4488 becchten;
1065 4419 1255 4478 anderenfalls
