3054 4942
639 363 703 430 213

4 541 5 550 ’
102 541 133 602 et
156 538 199 602 ibi
217 538 375 604 consolati
399 559 523 604 eramus
546 559 620 616 nos,
644 541 676 603 et
699 537 799 602 bestie
823 541 931 604 nostre
953 538 1033 603 bene
1058 539 1249 604 habueruut.

100 641 140 707 Et
162 642 347 708 famabatur
369 667 388 708 a
412 643 531 724 multis,
554 648 585 708 et
609 643 775 727 dispositio
799 642 1005 720 demonstrat,
1031 644 1114 730 quod
1137 643 1183 708 ibi
1206 647 1249 708 sit

100 747 195 828 locus,
219 749 278 812 ubi
295 749 355 812 filii
372 739 495 814 Israhel
510 750 702 814 inuenerunt
725 749 765 812 12
781 747 885 814 fontes
908 753 941 814 et
957 749 998 814 72
1013 749 1151 833 palmes3
1176 771 1248 814 nam

101 851 174 918 licet
197 854 291 918 modo
308 855 469 918 devastate
493 859 570 918 sunt
590 853 695 937 palme
718 857 850 937 propter
864 858 1081 938 tempestates,
1105 875 1166 937 que
1188 853 1248 918 uli-

103 958 227 1041 quando
249 957 283 1021 in
308 979 392 1022 auno
408 963 589 1039 occurrunt,
613 965 719 1024 tamen
738 959 833 1024 hodie
848 959 957 1043 plures
979 961 1060 1024 zirbi
1082 961 1120 1025 ds
1135 959 1250 1042 palmis

103 1069 259 1146 apparent
274 1063 330 1142 ibi,
346 1064 405 1128 sub
421 1087 554 1150 quarum
571 1065 691 1129 umbris
708 1085 764 1130 nos
780 1063 993 1130 habitavimus
1011 1065 1030 1128 ¹.
1062 1064 1250 1130 Merebatur

102 1168 196 1231 etiarn
221 1168 279 1232 illo
302 1173 445 1251 tempore
468 1171 596 1254 quidam
619 1173 730 1253 pastor
746 1189 912 1252 caprarum
937 1169 1053 1234 ibidem
1076 1169 1109 1234 in
1124 1168 1249 1234 deserto

100 1279 232 1358 propter
254 1274 370 1340 fontes.
419 1274 461 1340 Et
483 1275 583 1340 nostri
608 1275 732 1340 demum
751 1273 916 1357 peregrini
939 1273 1078 1338 libantes
1099 1274 1250 1338 emissent

99 1399 220 1462 capras,
244 1383 276 1443 et
299 1383 452 1462 patronus
474 1402 538 1445 non
561 1383 630 1444 erat
656 1399 784 1463 presens
807 1379 861 1443 sed
883 1379 951 1444 sola
974 1379 1097 1458 mulier,
1121 1380 1162 1444 de
1186 1402 1249 1464 qua

100 1506 162 1550 non
186 1488 339 1569 poterunt
362 1485 476 1550 habere
491 1483 514 1551 ¹.

187 1589 270 1654 Item
286 1590 319 1654 iu
336 1589 386 1655 die
402 1589 636 1656 Traneletionis
651 1594 759 1656 sancte
770 1589 794 1670 ³,
818 1611 880 1674 que
894 1593 964 1654 erat
990 1589 1023 1654 in
1041 1589 1153 1674 quinta
1168 1587 1251 1654 feria

104 1693 135 1783 [2
158 1693 260 1782 Oct.]‚
284 1717 376 1760 mana
399 1695 506 1760 subito
528 1695 739 1775 surreximus,
772 1700 805 1759 et
836 1694 962 1780 quando
984 1693 1100 1758 dehent
1122 1693 1249 1758 onerari

100 1801 220 1878 cameli,
245 1804 322 1864 tunc
342 1803 407 1864 tres
423 1804 514 1864 erant
530 1799 647 1883 perditi
671 1799 704 1862 in
721 1803 813 1864 nocte
828 1800 866 1863 de
890 1798 933 1882 [p.
950 1797 1005 1882 98]
1030 1797 1168 1878 camelis,
1195 1797 1250 1882 qui

100 1905 178 1970 clam
203 1909 411 1970 surrexerunt
434 1909 466 1969 et
490 1905 617 1970 iverunt
639 1905 678 1970 ad
694 1925 844 1988 pascuam
858 1903 881 1969 ⁴.
928 1903 968 1967 Et
984 1904 1149 1968 exiverunt
1171 1925 1248 1988 que-

101 2031 167 2076 rere
190 2009 292 2094 aliqui
317 2010 355 2074 de
377 2010 497 2075 nostris
521 2011 654 2086 Arabis,
679 2031 736 2076 nos
757 2031 832 2075 vero
855 2009 1002 2074 stetimus
1025 2009 1088 2087 ibi,
1111 2009 1248 2074 multum

102 2116 245 2181 dolentes
278 2116 517 2199 deperditione
551 2119 615 2180 tam
640 2115 810 2180 bestiarum
843 2137 937 2200 quam
968 2114 1062 2178 etiam
1086 2114 1248 2198 temporis.

103 2221 143 2286 Et
165 2221 251 2286 eirca
273 2221 441 2304 septimam
473 2219 585 2286 horam
615 2221 736 2284 inventi
761 2219 873 2284 cameli
896 2222 1068 2298 venerunt,
1103 2221 1136 2284 et
1166 2207 1258 2284 facta

103 2328 274 2394 collatione
289 2328 482 2394 recessimus.
517 2327 557 2390 Et
572 2327 611 2392 de
625 2347 695 2392 sero
708 2327 851 2390 venimus
866 2346 966 2409 prope
981 2345 1067 2388 mare
1080 2325 1211 2389 rubrum
1226 2323 1249 2404 ⁵,

103 2438 135 2499 et
157 2433 287 2518 quidam
304 2433 466 2517 peregrini
482 2433 683 2510 estimabant,
707 2431 790 2516 quod
814 2435 896 2496 esset
911 2429 1002 2495 valde
1021 2429 1249 2514 propinquum,

670 2537 687 2570 ι

174 2609 188 2663 1
210 2607 266 2662 Dae
284 2606 358 2662 uadi
377 2605 553 2670 Ghnrandel‚
579 2622 634 2661 von
652 2603 737 2660 Fabri
756 2603 885 2661 Dorodon
903 2603 962 2658 und
981 2621 1036 2659 von
1055 2599 1249 2657 Breidenbaoh

100 2695 231 2752 Orondou
249 2695 384 2764 genennt.
408 2697 494 2749 etwas
512 2693 581 2748 uber
598 2695 615 2747 8
634 2692 755 2747 stunden
774 2709 838 2747 vom
857 2691 976 2760 vorigen
994 2690 1173 2760 lagerpletze
1192 2691 1252 2745 ent·

100 2785 186 2839 15551.
221 2781 259 2838 Es
271 2781 342 2836 wird
361 2783 433 2837 auch
450 2781 535 2836 heute
548 2780 619 2838 noch
641 2795 752 2848 ›wegen
770 2779 817 2834 des
828 2779 954 2834 Weseers
974 2779 1027 2833 mit
1035 2776 1168 2834 Vorliehe
1186 2795 1250 2831 uum

101 2871 272 2942 Lagsrplats
291 2870 338 2924 fur
355 2867 670 2938 dieNachtgewhhltc.
699 2867 783 2922 Baed.
795 2867 856 2924 501.
892 2867 1079 2935 Hierlagerte
1098 2865 1170 2920 auch
1181 2865 1251 2923 Lud.

101 2977 127 3014 v.
141 2957 228 3016 Sudh.
243 2960 286 3022 65,
305 2957 354 3012 der
373 2957 427 3012 den
439 2956 518 3026 plats
533 2954 751 3026 »pulcherrimus
770 2957 799 3010 et
812 2953 971 3009 uberrimus
983 2955 1011 3008 et
1023 2953 1146 3007 multum
1162 2971 1252 3009 amoe-

99 3067 166 3104 num
187 3049 285 3104 neunt.
321 3045 406 3102 Fabri
424 3045 458 3108 11,
478 3043 635 3100 52015151
661 3044 726 3098 dort
750 3042 821 3099 noch
840 3041 896 3098 viel
915 3041 995 3096 mehr
1014 3041 1056 3096 ule
1075 3041 1110 3096 10
1128 3042 1250 3111 pulmon,

98 3135 294 3192 Breidenbech
314 3137 363 3191 104
389 3133 550 3203 gleiohfalls
576 3131 649 3186 »viel
668 3131 861 3187 Palmbtum«.
896 3129 966 3186 Fnst
984 3129 1251 3185 dbereinstimmend

100 3221 244 3278 erbliclren
263 3221 308 3278 dia
329 3220 528 3277 bibelerlrltrer
545 3221 574 3274 in
593 3219 652 3274 ihm
671 3219 721 3274 dae
741 3219 807 3273 bibl.
829 3219 917 3284 Elim
936 3217 982 3273 die
1001 3217 1103 3272 anzahl
1122 3217 1171 3272 der
1189 3217 1252 3288 pal·

99 3327 163 3367 rnen
184 3309 236 3364 hat
254 3309 312 3364 sich
325 3309 393 3364 aber
404 3307 522 3364 seitdsm
534 3307 692 3363 bedentend
706 3307 888 3362 vermiudert.
907 3305 992 3361 Baed.
1007 3305 1065 3361 501.
1086 3305 1251 3372 llb.·Guthe,

99 3399 162 3454 Pal.
182 3397 220 3464 Il,
239 3399 299 3453 265.
336 3397 387 3452 Die
407 3396 499 3466 pilger
516 3395 618 3452 hatten
646 3395 697 3451 aul
724 3395 786 3450 dem
806 3411 884 3464 wege
902 3411 968 3450 vom
986 3393 1063 3449 Sinai
1088 3393 1131 3448 bis
1156 3394 1252 3450 hieher

99 3505 194 3557 genau
213 3485 260 3542 die
278 3487 358 3542 route
377 3482 566 3554 eingehslten,
586 3482 689 3538 welche
708 3481 791 3539 Bued.
805 3484 858 3540 490
877 3482 922 3536 fur
941 3481 1035 3538 diesen
1046 3499 1109 3552 weg
1127 3482 1251 3553 engiebt

99 3591 153 3628 nur
183 3573 285 3628 hatten
316 3572 355 3627 eie
374 3570 524 3627 denselban
552 3570 630 3625 nicht
657 3569 686 3624 iu
706 3571 724 3624 4
743 3575 830 3640 tugen
857 3570 991 3640 gemacht
1021 3569 1140 3626 sondern
1159 3571 1175 3623 4
1195 3567 1252 3623 und

102 3661 184 3717 einen
196 3661 302 3715 halben
320 3661 373 3729 teg
385 3658 549 3728 gebraucht.
586 3657 637 3714 Dis
650 3675 705 3714 von
723 3675 776 3712 uns
789 3659 950 3728 gegebeneu
963 3658 1171 3728 entfernuugen
1190 3656 1252 3711 sind

102 3748 176 3803 nach
195 3747 245 3802 der
261 3746 386 3817 jetzigen
399 3744 764 3817 marschgeschwindigheit
781 3744 931 3800 berechnet
950 3745 1008 3800 und
1022 3745 1161 3815 betragen
1179 3743 1253 3799 circe

100 3833 786 3900 SbstundemwomitBued.4901'rbereinetimmt;
798 3834 843 3888 die
853 3832 944 3904 pilger
954 3850 1009 3888 von
1021 3833 1088 3889 1483
1097 3832 1253 3888 brauchten

101 3941 133 3978 au
157 3923 240 3994 jeder
259 3925 407 3992 tagestour
433 3924 520 3976 etwas
547 3922 653 3992 ltnger.
760 3922 776 3974 2
807 3921 888 3976 Nach
914 3921 1122 3986 1555111520
1150 3921 1253 3975 humen

102 4014 228 4068 mehrere
247 4010 464 4066 medianitisehe
482 4011 619 4066 mtdchen
639 4011 693 4066 mit
711 4011 825 4066 sohalen
843 4028 877 4064 zu
896 4010 951 4066 den
971 4009 1097 4079 quellen;
1117 4025 1172 4064 von
1190 4005 1253 4060 dem

102 4099 247 4164 renuche,
267 4097 329 4153 eine
347 4099 423 4168 siege
441 4117 474 4153 55
493 4099 605 4164 hausen,
624 4099 762 4156 berichtet
790 4115 820 4154 er
839 4097 939 4154 niehts.
1046 4099 1063 4153 8
1091 4095 1193 4150 clarae
1219 4113 1253 4148 uu

101 4193 249 4256 srgtnsen.
323 4187 437 4242 4Auch
456 4187 542 4243 Fabri
559 4187 687 4243 erwdhnt
707 4186 802 4242 diesen
823 4186 965 4241 umstand.
993 4185 1029 4250 11,
1049 4185 1106 4240 521.
1185 4182 1253 4238 515

101 4273 149 4330 das
168 4275 245 4330 wndi
263 4273 397 4336 Werdan
417 4291 471 4330 von
491 4273 575 4330 l'abri
594 4274 699 4338 11,de
719 4273 884 4329 Wurdnohii
903 4274 1043 4342 genennt,
1072 4271 1142 4326 auch
1169 4269 1253 4326 haute

101 4363 171 4419 noch
182 4362 346 4433 lagerplata
359 4361 404 4415 fiir
422 4361 467 4417 die
476 4362 655 4426 1555555555,
675 4361 778 4417 welche
791 4361 886 4416 diesen
900 4377 961 4430 weg
974 4357 1078 4424 debon,
1091 4355 1148 4412 und
1162 4373 1253 4430 gagen

100 4451 117 4504 8
136 4449 262 4505 stonden
282 4466 347 4506 vom
367 4449 482 4521 rotigen
500 4451 660 4523 lagerplats
678 4449 812 4506 entlerut.
848 4449 931 4506 Baed.
949 4447 1012 4503 489.
