3056 4944
817 335 879 401 124

270 511 437 576 tendebam
460 511 499 574 ad
524 509 663 575 Yndiam
686 510 850 590 laborare,
890 513 921 574 et
943 509 1011 592 ipse
1034 510 1160 594 rogavit
1182 531 1242 589 me,
1266 515 1302 575 ut
1323 532 1417 576 essem

206 671 212 684 .
270 621 439 681 contentus
462 617 495 680 in
521 620 608 680 terra
629 619 749 696 sancta,
774 615 821 680 ibi
848 613 946 679 vellet
968 636 1089 679 mecum
1113 637 1260 692 manere,
1291 619 1323 680 et
1345 619 1419 680 tunc

270 721 434 805 postposui
456 720 581 786 Indiam
615 725 747 804 propter
784 721 888 803 ipsum
911 719 931 783 ¹.
977 718 1055 784 Cum
1086 725 1193 785 autem
1215 719 1360 804 pervcnit-
1381 723 1418 786 ad

271 832 388 890 terrani
405 831 558 904 sanctam,
583 826 753 910 perplexus
776 825 871 890 linxit
894 825 955 890 sibi
971 846 1095 890 causam
1112 824 1232 890 dicens:
1259 823 1350 890 >Non
1373 832 1419 892 est

271 952 376 994 meum
400 928 452 994 hic
475 934 576 1004 stare:
603 953 675 995 nam
700 931 807 994 omnia
829 930 938 996 officia
961 933 1036 995 sunt
1051 931 1186 1014 provisa,
1209 935 1241 996 et
1262 953 1325 996 non
1349 954 1418 1016 pos·

271 1057 339 1098 sum
365 1035 521 1119 aliquid«
569 1035 668 1101 Nolui
702 1057 772 1099 eum
797 1056 893 1119 super
925 1035 985 1100 hoo
1008 1035 1145 1119 amplius
1175 1036 1337 1120 requirere
1364 1057 1420 1101 nec

270 1141 430 1204 mediante
453 1139 561 1225 aliqua
577 1141 739 1206 occasione
754 1143 872 1205 tenere.
920 1139 1026 1204 Timui
1048 1140 1142 1219 enim,
1165 1141 1192 1206 si
1216 1163 1288 1206 eum
1304 1142 1418 1206 retine·

269 1267 334 1310 rem
358 1245 579 1329 autaliquem
602 1267 730 1330 operam
747 1247 895 1310 manendi
918 1246 1036 1324 darem,
1060 1245 1086 1309 si
1110 1251 1187 1310 tunc
1203 1245 1324 1331 aliquid
1347 1269 1418 1312 eon·

271 1351 397 1435 tigisset
420 1350 459 1428 ei,
484 1352 551 1435 ipse
567 1351 756 1434 imputasset
771 1351 863 1416 mihi.
912 1351 1017 1429 Quare
1034 1373 1106 1415 eum
1121 1351 1247 1434 penitus
1263 1351 1418 1435 resignavi

268 1477 323 1519 sne
346 1456 512 1534 libertati,
535 1457 612 1521 licet
635 1456 837 1521 vehementer
861 1457 1046 1540 suspicabar
1077 1457 1116 1521 de
1138 1478 1194 1520 rua
1215 1457 1349 1541 antiqua
1371 1456 1418 1520 in·

268 1561 458 1640 stabilitate,
483 1583 578 1646 quam
593 1583 653 1646 ego
670 1563 766 1627 etiam
789 1563 821 1626 in
838 1562 890 1626 via
911 1563 945 1626 in
968 1583 1004 1626 eo
1020 1564 1138 1628 notavi.
1184 1560 1299 1626 Dimisi
1314 1565 1416 1626 tamen

269 1689 340 1730 eum
365 1667 396 1730 in
422 1689 499 1750 pace
521 1673 553 1732 et
576 1668 711 1732 caritate
733 1690 801 1733 curn
820 1667 1005 1733 testimonio
1031 1668 1114 1732 bono
1136 1688 1193 1750 per
1215 1665 1417 1730 reverendum

268 1777 391 1856 patrem
417 1772 607 1857 gardianum
631 1777 804 1838 conventus
827 1773 912 1838 dato.
959 1772 1191 1838 Recsdentibus
1221 1769 1419 1834 abinvicem

268 1898 338 1941 curn
363 1877 440 1943 fleto
465 1899 591 1965 magno,
615 1879 708 1943 dictis
731 1878 834 1962 culpis
858 1884 890 1942 et
914 1883 1026 1943 mutuo
1049 1875 1272 1952 reconciliatis,
1297 1873 1347 1960 [p.
1365 1874 1419 1956 61]

269 1981 412 2046 faciendo
427 1982 489 2046 sibi
505 1983 659 2066 optimam
675 1979 887 2067 provisionem
908 1984 940 2048 in
958 1983 1150 2048 necessariis.
1197 1979 1280 2045 Nam
1298 1981 1332 2044 in
1348 2002 1419 2066 pre-

268 2088 371 2150 sentia
394 2088 443 2152 sui
466 2088 566 2172 ipsius
589 2089 733 2154 commisi
763 2111 834 2153 eum
858 2088 1041 2154 fidelissime
1071 2086 1199 2152 domino
1221 2085 1361 2170 principi
1384 2106 1419 2150 aa

268 2192 340 2256 aliis
364 2192 455 2257 bonis
479 2193 657 2273 nobilibus,
692 2195 770 2258 meis
792 2194 984 2278 specialibus
1007 2193 1203 2271 fautoribus,
1234 2191 1289 2276 qui
1313 2211 1420 2256 omncs

269 2297 416 2362 audiente
443 2298 658 2380 promiserunt
681 2321 752 2364 eum
769 2299 898 2364 omnino
922 2301 1000 2364 bene
1016 2304 1133 2364 tenere.
1180 2297 1222 2361 Et
1237 2295 1341 2360 adhuc
1364 2317 1419 2380 pcr

267 2401 403 2466 medium
428 2403 514 2466 aliud
538 2425 595 2485 per
618 2403 774 2485 quendam
797 2401 948 2482 nobilem,
971 2403 999 2467 si
1022 2402 1176 2468 incideret
1198 2400 1419 2464 infirmitatem

267 2505 408 2590 aliquam
425 2511 484 2570 etc.
500 2503 512 2540 ¹
536 2505 577 2569 Et
590 2512 658 2570 erat
672 2509 841 2571 contentus
853 2511 885 2571 et
898 2509 1027 2571 recessit
1040 2507 1077 2572 de
1090 2511 1177 2572 terra
1190 2504 1418 2590 promissionis.

356 2611 425 2694 Ego
442 2632 567 2694 quoque
586 2613 721 2676 remansi
745 2617 782 2676 ut
803 2612 965 2695 orphanus
979 2611 1065 2677 solus
1087 2613 1121 2676 in
1140 2617 1227 2677 terra
1242 2610 1420 2695 longinqua

266 2718 352 2780 inter
376 2717 504 2800 ignotos
535 2715 652 2782 iratres
684 2722 716 2782 et
749 2719 859 2782 turbas
882 2717 1068 2798 infidelium,
1091 2721 1124 2782 et
1146 2717 1281 2802 linguas
1304 2716 1419 2794 varias,

269 2843 346 2906 quas
381 2843 442 2886 uon
479 2843 648 2901 novaram,
684 2819 800 2888 audivi.
846 2822 1033 2889 Sufficiebat
1065 2828 1172 2887 tamen
1203 2821 1301 2886 michi
1334 2820 1419 2886 solus

269 2925 379 2990 lhesus
403 2932 434 2990 et
457 2932 560 2990 mater
584 2926 661 3005 eius,
686 2949 764 3010 quos
788 2928 819 2990 in
844 2931 912 2992 toto
936 2927 1028 2992 corde
1052 2949 1090 2991 ex
1105 2927 1252 2991 omnibus
1268 2926 1362 3010 elegi,
1386 2931 1417 2991 et

268 3053 340 3096 cum
364 3031 480 3096 affectu
504 3037 536 3096 et
559 3031 674 3097 effectu
696 3032 868 3116 diligenter
891 3032 1021 3116 quesivi,
1046 3053 1124 3116 quos
1147 3037 1179 3096 et
1201 3032 1417 3096 indesinenter

268 3158 374 3200 amare
407 3137 530 3215 curavi,
564 3136 619 3220 qui
650 3136 728 3199 mihi
760 3137 867 3201 oscula
889 3137 1071 3201 dulcissime
1101 3137 1268 3201 elementis
1291 3137 1415 3202 habun-

268 3241 360 3305 dater
383 3246 416 3305 et
432 3241 616 3324 frequenter
631 3241 843 3324 prestiterunt
866 3245 898 3306 et
920 3263 969 3306 me
985 3241 1134 3306 miserum
1158 3243 1190 3306 in
1211 3241 1418 3306 tribulatione

270 3352 301 3410 et
325 3347 516 3410 adversitate
547 3367 710 3430 nunquam
734 3346 991 3431 dereliquerunt,
1023 3347 1138 3432 quibus
1161 3345 1418 3431 inseparabiliter

271 3449 447 3526 adherebo;
472 3473 545 3515 narn
569 3451 613 3515 eis
637 3451 787 3517 adherere
812 3451 930 3517 bonum
954 3461 1010 3530 est,
1034 3453 1175 3536 separari
1198 3453 1239 3517 ab
1262 3452 1307 3517 eis
1329 3475 1415 3517 ama·-

343 3625 354 3676 l
375 3622 498 3678 Hienach
518 3623 626 3679 scheint
644 3625 775 3680 Walther
794 3575 868 3681 trote
895 3625 943 3680 des
962 3625 1170 3694 misslungenen
1189 3625 1336 3681 versuches
1361 3625 1416 3681 den

270 3709 475 3764 abessinisehen
490 3711 672 3768 missionaren
691 3713 828 3782 angateilt
846 3731 880 3768 zu
892 3713 1010 3772 werden.
1029 3731 1083 3770 von
1103 3712 1164 3768 dem
1184 3729 1214 3768 cr
1225 3713 1297 3768 oben
1315 3731 1336 3767 s.
1350 3715 1385 3768 42
1397 3713 1416 3769 f.

266 3797 421 3861 berichtet,
451 3799 522 3854 auch
540 3803 635 3870 spater
665 3800 736 3856 noch
764 3801 820 3856 sich
851 3800 904 3856 mit
924 3799 1087 3870 derartigen
1105 3799 1209 3869 planen
1227 3803 1365 3871 getragen
1383 3819 1417 3855 au

267 3885 373 3949 haben,
401 3903 477 3941 wcau
495 3886 545 3941 ihn
564 3887 722 3958 allcrdingr
749 3887 794 3944 die
813 3887 1006 3958 gleichzeitige
1033 3887 1222 3943 anwesenheit
1248 3887 1296 3944 des
1315 3888 1418 3944 abessi·

269 3973 382 4028 nischen
396 3974 550 4042 gesandten
570 3975 599 4028 in
619 3975 668 4030 der
686 3975 724 4030 hl.
745 3976 824 4030 stadt
843 3977 1023 4031 versulassen
1035 3975 1149 4032 konnte.
1221 3975 1310 4030 salic
1327 3973 1417 4031 dieser

268 4063 355 4116 etwas
374 4060 512 4116 nullaten
531 4061 704 4134 bemerkung
722 4064 781 4118 will
800 4065 931 4120 Walther
949 4065 1023 4122 wohl
1049 4082 1151 4134 ragan,
1182 4065 1247 4120 dass
1273 4083 1303 4120 er
1325 4064 1415 4120 einem

268 4148 398 4219 adeligcn
412 4149 515 4220 einiger
535 4151 600 4221 geld
619 4154 664 4207 sdr
676 4152 770 4208 eeincn
784 4171 919 4223 genossen
937 4154 982 4208 fur
999 4153 1053 4209 dcn
1074 4154 1126 4209 fall
1145 4154 1221 4210 einer
1234 4150 1415 4220 erlrranlrung

268 4236 342 4292 habe
360 4239 449 4308 geben
468 4239 568 4304 lasscn,
587 4239 651 4294 weil
669 4239 760 4294 dieser
777 4240 865 4296 solbet
883 4239 978 4295 traines
995 4241 1095 4296 fuhrcn
1109 4239 1212 4295 durftc.
1249 4239 1327 4294 (lana
1345 4238 1415 4292 thn-

268 4325 325 4378 lich
344 4326 456 4381 rnechte
475 4344 503 4382 es
522 4327 571 4382 der
589 4325 730 4396 guardian
750 4329 796 4384 des
816 4327 1016 4384 Sionsklosters
1043 4328 1073 4383 in
1091 4329 1182 4398 bsaug
1209 4328 1261 4384 ani
1277 4324 1415 4388 Walthsr,

270 4412 313 4465 als
327 4411 416 4468 dieser
436 4413 490 4469 mit
503 4415 592 4471 ciuem
607 4414 841 4486 ordensgsnossen
855 4414 899 4471 die
913 4415 1084 4486 pilgerfahrt
1102 4434 1139 4472 an
1152 4415 1206 4472 dan
1218 4415 1297 4471 Sinai
1309 4417 1414 4472 antrat
