3054 4944
660 347 723 412 269

118 521 163 610 [p.
179 521 257 612 207]
282 522 434 609 Sequitur
450 527 565 609 quarta
587 545 662 608 pars
684 523 778 588 huius
800 523 887 603 libri,
910 525 944 588 in
967 545 1030 609 qua
1044 523 1176 588 intendo
1198 524 1267 588 des-

116 630 238 696 cribere
261 635 347 694 terre
375 632 505 708 sancte,
529 629 563 693 in
598 650 661 714 qua
684 627 830 694 Christus
852 628 963 694 Ihesus
986 632 1188 695 conversatus
1211 631 1268 708 est,

535 735 850 801 commendationem.

205 839 402 920 Notandum,
421 840 504 925 quod
514 845 600 905 terra
616 847 726 906 sancta
741 842 980 906 commendatur
996 841 1133 905 maxims
1148 841 1269 905 tribus:

117 945 225 1011 Primo
247 947 395 1011 videlicet
417 969 436 1010 a
458 947 648 1026 conditione,
674 949 707 1011 2ο
729 969 748 1012 a
770 947 1003 1024 nominatione,
1035 946 1067 1009 3ο
1089 967 1108 1009 a
1129 945 1270 1028 spatiosa

117 1052 420 1136 circumscriptione.
468 1050 576 1116 Primo
603 1053 843 1117 commendatur
878 1075 897 1116 a
927 1050 1117 1116 conditione.
1165 1049 1270 1114 Habet

117 1159 202 1223 enim
218 1161 307 1222 terra
320 1165 430 1222 sancta
453 1179 507 1222 sex
525 1159 621 1222 bonas
638 1158 835 1224 conditiones
858 1158 1044 1240 precabaris
1069 1156 1141 1221 aliis
1157 1156 1268 1231 terris;

118 1263 261 1349 quinque
283 1267 359 1328 sunt
381 1264 554 1342 naturales,
577 1268 666 1327 sexta
689 1263 952 1347 supernaturalis.
999 1261 1108 1328 Prima
1130 1262 1270 1328 conditio

118 1371 181 1447 est,
213 1368 297 1453 quod
322 1372 409 1432 terra
439 1366 497 1431 illa
521 1366 661 1432 fertilior
693 1369 741 1430 est
769 1367 841 1430 aliis
868 1368 972 1432 terris.
1018 1365 1103 1432 Nam
1126 1367 1189 1432 vidi
1213 1367 1270 1430 illo

118 1495 212 1553 anno,
236 1494 300 1558 quo
323 1494 408 1536 eram
433 1471 681 1552 1111111482,
705 1492 799 1555 agros
815 1472 917 1536 iacere
939 1472 1007 1537 sina
1022 1471 1149 1536 cultura
1172 1492 1271 1556 usque

119 1579 157 1644 ad
172 1577 399 1658 Nouembrem,
423 1583 456 1642 et
471 1579 596 1643 demum
612 1579 732 1662 absque
755 1577 829 1641 fimo
851 1599 943 1642 arare
966 1578 999 1641 in
1015 1577 1177 1643 montibus
1199 1555 1272 1641 cum

119 1683 229 1768 paucis
252 1683 425 1762 laboribus,
448 1687 480 1746 et
495 1682 651 1746 seminare
673 1682 783 1765 paucis
797 1683 980 1760 seminibus,
1003 1685 1036 1746 11
1059 1685 1164 1747 tamen
1189 1689 1270 1746 tem·

118 1810 195 1873 pore
225 1789 336 1854 massis
366 1789 401 1853 in
429 1790 492 1853 fine
515 1787 591 1872 Maij
622 1788 740 1853 mensis
770 1792 861 1852 erant
883 1792 1004 1872 segetes
1033 1791 1123 1852 tante
1146 1789 1272 1853 habun-

120 1893 238 1973 dantio,
262 1894 347 1978 quod
361 1894 543 1959 mirabar..
561 1939 568 1956 .
586 1890 695 1956 Tertia
710 1891 850 1956 conditio
866 1897 923 1971 est,
947 1893 1022 1976 quia
1038 1892 1114 1956 licet
1136 1893 1169 1956 in
1185 1899 1271 1957 terra

120 2003 231 2064 sancta
248 2000 408 2064 rarissima
430 2004 506 2063 sunt
522 1997 638 2082 pluvie,
663 1997 835 2082 aliquando
858 2020 878 2061 a
893 1996 1011 2061 Martio
1026 2019 1125 2082 usqua
1148 1999 1187 2062 ad
1203 1996 1271 2062 No·

120 2106 293 2183 vambrem,
316 2103 489 2190 aliquando
510 2123 610 2187 usque
632 2103 671 2167 ad
693 2100 843 2166 Natalem
867 2102 986 2166 domini
1011 2125 1174 2188 nunquam
1197 2105 1274 2168 sunt

122 2210 239 2294 pluvie,
263 2215 369 2276 tamen
392 2231 444 2275 ros
467 2209 632 2274 desursum
648 2209 838 2274 descendens
860 2209 894 2272 in
910 2209 1049 2273 climatis
1061 2209 1175 2286 madio,
1199 2213 1272 2273 tan-

122 2320 191 2380 tum
214 2316 255 2386 ab
277 2337 314 2381 eo
337 2315 526 2381 fecundatur
548 2320 636 2380 terra
658 2318 690 2378 et
713 2313 921 2394 habilitatur‚
952 2318 990 2378 ut
1016 2335 1126 2380 omnes
1149 2315 1273 2379 fructus

123 2427 192 2486 tam
214 2422 248 2485 in
270 2421 436 2488 arboribus
459 2442 554 2504 quam
588 2419 626 2484 de
659 2424 746 2483 terra
769 2426 950 2499 nascentes,
984 2420 1067 2484 fiunt
1088 2420 1273 2505 grossiores,

125 2525 289 2606 dulciores,
312 2531 345 2590 et
368 2525 647 2590 habundantiores.
695 2523 778 2589 Nam
802 2529 951 2610 expertus
975 2526 1055 2606 dico,
1079 2527 1163 2612 quod
1186 2527 1272 2590 botri

123 2635 201 2695 sunt
222 2631 409 2714 grossiores,
432 2631 519 2696 ultra
543 2651 638 2714 quam
660 2629 744 2694 credi
768 2633 884 2712 potest,
908 2636 940 2694 et
962 2631 1018 2695 alii
1041 2631 1165 2697 fructus
1188 2634 1274 2696 tarra

123 2735 177 2804 scl.
202 2757 279 2820 cepe
301 2741 334 2802 et
355 2735 425 2801 alea
446 2741 505 2802 etc.
551 2736 675 2814 Quarta
690 2735 831 2800 conditio
854 2741 913 2814 est,
937 2737 1013 2821 quia
1027 2736 1224 2802 frumentum
1239 2736 1271 2799 in

122 2843 210 2928 agris
232 2845 422 2908 seminatum
445 2842 540 2908 citius
562 2841 748 2906 maturescit
771 2863 867 2925 quam
901 2843 935 2906 in
958 2842 1032 2906 aliis
1055 2843 1166 2918 terrim
1200 2863 1274 2904 nam

122 2947 193 3032 agri
216 2949 416 3013 seminantur
438 2948 472 3012 in
495 2945 685 3026 Novembre,
712 2951 748 3011 ut
771 2947 891 3012 dictum
915 2953 978 3027 est,
1010 2953 1043 3012 et
1065 2947 1275 3012 communiter

123 3059 171 3120 111
194 3055 304 3119 messis
325 3055 359 3118 in
382 3055 445 3118 fine
461 3053 593 3137 Aprilis.
640 3051 732 3117 Botri
749 3054 961 3118 communiter
984 3053 1144 3137 incipiunt
1165 3056 1272 3116 matu·

124 3159 302 3234 resoeret'in
324 3156 439 3237 Junio,
469 3160 502 3222 et
524 3163 658 3241 possunt
681 3157 795 3222 durare
818 3157 849 3220 in
876 3157 1012 3236 ritibus,
1036 3149 1063 3222 si
1086 3155 1193 3239 placet
1216 3155 1274 3220 ho-

124 3265 275 3342 minibus,
301 3287 400 3351 usque
422 3264 461 3330 ad
479 3261 689 3328 Nativitatem
706 3263 835 3342 domini,
859 3267 891 3327 11
913 3285 975 3328 non
1002 3265 1199 3328 marcescunt
1221 3261 1275 3326 sed

125 3371 214 3457 quasi
240 3371 273 3434 in
288 3369 384 3436 melle
399 3369 593 3434 dulcescunt.
639 3367 680 3432 Et
702 3389 741 3432 ex
764 3367 821 3433 illo
845 3372 877 3432 11
897 3368 969 3432 11111
986 3366 1144 3432 similibus
1160 3368 1277 3432 dicitur

126 3483 212 3543 terra
234 3475 335 3541 fluens
357 3477 441 3542 lacta
474 3481 506 3540 et
534 3473 639 3540 malle.
684 3472 803 3548 Quinta
825 3473 965 3538 conditio
1000 3477 1057 3552 est,
1091 3473 1166 3558 quia
1188 3478 1275 3537 terra

123 3586 234 3648 sancta
257 3586 290 3647 et
304 3583 440 3647 maxime
463 3582 546 3646 circa
567 3579 763 3644 lherusalem
786 3583 833 3642 est
857 3579 935 3642 bene
950 3581 1128 3662 temperata
1151 3578 1183 3642 in
1207 3583 1276 3642 estu

124 3693 157 3754 et
179 3687 272 3774 gelu3
296 3707 359 3752 non
383 3693 431 3752 ast
454 3685 538 3752 enim
561 3685 608 3750 ita
630 3687 769 3748 extreme
792 3683 893 3748 calida
915 3683 997 3748 sicut
1020 3684 1082 3748 alie
1104 3688 1190 3748 tarra
1213 3683 1274 3746 cir-

124 3814 337 3879 cumquaque,
362 3813 419 3858 neo
441 3793 488 3856 ita
509 3790 638 3875 frigida,
661 3795 698 3854 ut
720 3792 869 3872 oporteat
893 3789 1009 3854 babere
1033 3790 1137 3854 focum
1153 3788 1203 3851 vel
1226 3788 1275 3869 ig-

125 3923 199 3966 nem
223 3899 307 3964 sicut
328 3899 361 3962 in
386 3897 491 3976 Italia,
514 3897 568 3961 sed
591 3897 711 4006 optime
735 3895 919 3980 qualificata
941 3899 1012 3960 atre
1035 3899 1067 3958 et
1089 3897 1184 3956 vento
1200 3891 1221 3954 ¹.

123 4041 234 4094 tractat
252 4038 269 4092 3
289 4054 344 4092 von
362 4054 388 4106 p.
410 4035 457 4090 147
477 4035 520 4090 bis
539 4035 602 4099 266,
630 4035 738 4089 tractat
756 4037 774 4088 4
792 4051 847 4089 von
865 4052 891 4104 p.
910 4034 962 4088 267
982 4033 1024 4087 111
1042 4033 1108 4095 211,
1136 4029 1278 4084 tractati>

122 4145 180 4183 von
201 4145 228 4196 p.
247 4125 299 4179 212
319 4123 360 4178 111
378 4123 439 4189 214,
457 4123 565 4179 tractat
583 4125 598 4179 6
618 4141 672 4179 von
691 4141 717 4193 p.
740 4123 791 4178 215
810 4121 930 4187 111264,
950 4121 1087 4176 tractat'l
1107 4135 1160 4173 von
1180 4135 1206 4187 p.
1225 4118 1278 4171 265

121 4214 169 4270 bis
187 4215 241 4270 366
260 4211 317 4268 und
337 4213 446 4268 1111111
464 4211 480 4265 8
499 4228 554 4267 von
572 4229 599 4281 p.
612 4209 787 4265 1161111396.
825 4209 874 4263 Die
892 4211 986 4263 ersten
997 4205 1057 4261 drei
1075 4207 1199 4259 tractata
1218 4205 1278 4258 ant·

123 4302 225 4358 halben
244 4318 299 4355 nur
317 4299 506 4368 theologischa
519 4295 739 4367 abhandlungen
757 4295 829 4352 ohne
843 4296 969 4350 usitatos
987 4293 1121 4348 interesse
1140 4291 1197 4345 und
1211 4307 1279 4345 wer·

122 4391 181 4448 den
199 4390 262 4445 hier
281 4387 472 4460 ubergangen.

198 4481 211 4534 1
238 4475 328 4531 Ueber
346 4475 391 4531 dis
408 4473 605 4531 klimatiscban
624 4471 809 4528 vsrhtltnisse
827 4469 998 4534 Paluatinas,
1017 4467 1121 4522 welche
1139 4465 1199 4521 sich
1227 4465 1280 4522 1111
