3056 4944
669 344 711 410 83

109 517 263 586 Gandiam
287 520 437 586 insulam.
482 519 523 584 iu
544 521 577 584 in
601 521 652 584 die
668 517 872 584 Visitationie
889 517 991 584 Mario
1015 520 1050 603 [2
1066 519 1149 606 Juli]
1175 523 1263 586 voni·

111 647 180 690 mua
202 627 243 690 ad
267 626 416 706 insulam,
441 647 501 710 qua
523 628 656 691 vocatur
679 623 833 708 (langon,
856 627 889 689 et
912 628 960 690 eet
981 625 1015 689 in
1039 627 1151 692 dextra
1173 632 1264 712 parte

110 730 159 794 rel
182 753 292 797 manu.
338 730 408 796 Hec
431 730 536 796 insula
559 736 608 796 est
629 729 721 795 valde
743 729 862 794 fertilia
885 733 917 794 et
940 729 1104 796 habundat
1126 731 1160 796 in
1182 732 1266 813 vino,

111 857 204 920 pane,
228 836 300 902 cleo
324 841 357 902 ct
372 835 444 901 aliie
458 835 629 901 fructibus.
676 833 718 899 Et
740 834 839 899 habet
860 833 894 898 in
916 833 1087 901 latitudine
1110 840 1144 901 ct
1158 836 1265 922 longi-

110 941 224 1006 tudine
247 943 290 1006 40
323 941 471 1007 miliaria
516 939 555 1005 In
589 940 698 1006 eadem
729 941 825 1005 etiam
864 940 970 1005 incula
1002 947 1078 1008 aunt
1111 943 1267 1022 civitates,

111 1049 218 1112 caetra
250 1046 316 1110 tria
349 1053 382 1110 et
404 1045 479 1110 ville
511 1045 629 1129 plures.
675 1044 718 1109 Et
752 1045 816 1110 dux
839 1042 957 1109 Caudio
982 1045 1080 1110 habet
1101 1046 1268 1130 providere

111 1151 266 1216 officialia
288 1156 320 1216 et
342 1153 434 1236 pouit
454 1152 656 1234 capitaneum
669 1150 690 1214 ¹.
729 1149 768 1214 In
786 1149 893 1214 eadem
916 1149 1021 1214 insula
1038 1148 1173 1236 Cerigon
1197 1173 1266 1216 mo-

112 1261 184 1322 rata
207 1261 257 1322 eat
280 1255 337 1321 illa
357 1256 492 1340 pulchra
508 1255 618 1336 illene,
641 1259 775 1340 propter
790 1277 885 1340 quam
901 1255 1064 1320 destructa
1078 1256 1185 1321 luerat
1207 1257 1265 1322 illa

112 1363 236 1446 pulcra,
259 1361 354 1426 fortia
376 1361 491 1426 civitae
507 1358 666 1446 'Propera
689 1366 723 1424 et
745 1361 783 1425 de
806 1361 866 1425 hac
889 1359 989 1426 Elena
1012 1361 1134 1446 legitur
1156 1364 1190 1427 in
1215 1363 1266 1426 hi·

112 1467 214 1532 storia
228 1465 378 1552 'l'royana
392 1465 414 1532 ².
461 1465 502 1530 Et
519 1466 740 1552 navigavimus
762 1470 899 1546 tantum,
923 1468 960 1531 ut
983 1467 1016 1531 in
1040 1467 1090 1532 dic
1114 1468 1267 1532 3meneis

113 1571 195 1637 Julii
228 1578 262 1638 et
285 1575 401 1657 quarta
421 1571 504 1636 feria
528 1569 666 1636 vidimus
701 1570 839 1656 alonge
860 1571 1000 1636 insulam
1022 1570 1202 1638 Candiam³
1228 1575 1267 1640 nd

116 1679 261 1744 dextram
283 1699 422 1742 manum.
470 1675 512 1740 Et
535 1676 569 1740 in
592 1676 724 1742 ainiatra
744 1698 842 1741 manu
864 1677 898 1740 in
914 1676 1071 1743 altissimo
1086 1683 1195 1744 monte
1219 1681 1267 1745 ri-

116 1785 209 1850 detur
231 1783 364 1849 eeclesia
397 1782 499 1847 sancti
526 1781 692 1848 Michaelis
726 1786 758 1847 et
791 1783 932 1848 omnium
962 1783 1228 1867 archangelorum
1241 1784 1265 1849 ⁴.

117 1889 157 1954 Et
179 1895 292 1974 postea
314 1887 485 1972 navigatur
510 1888 550 1952 ad
572 1887 744 1953 secundum
760 1885 856 1967 Golff,
879 1888 935 1952 ubi
957 1894 1033 1953 eunt
1055 1892 1267 1955 communiter

116 1995 218 2060 multa
233 1993 377 2078 pericula
399 1997 464 2058 tam
480 1992 682 2058 fortunarum
708 2015 804 2077 quam
819 1993 1006 2076 piratarum.
1052 1993 1089 2058 In
1112 1995 1165 2059 die
1178 1993 1269 2060 Jovia

117 2097 149 2186 [4
170 2098 254 2183 Juli]
277 2099 414 2164 vidimus
444 2099 563 2164 iterum
594 2099 632 2162 ad
655 2097 818 2163 sinistram
848 2119 978 2162 manum
1009 2119 1106 2163 unam
1129 2100 1266 2164 insulam

117 2209 148 2270 et
162 2205 338 2285 ciuitatem,
360 2203 489 2269 nomine
505 2203 618 2268 Milam
630 2203 661 2280 ⁶;
686 2207 718 2267 ct
738 2207 814 2268 cunt
829 2225 938 2268 omnes
954 2201 1057 2269 Greci.
1103 2203 1142 2268 In
1158 2193 1267 2270 eadem

117 2309 222 2376 incula
244 2314 277 2374 et
299 2310 432 2376 civitate
461 2313 538 2374 sunt
560 2308 653 2374 valdo
675 2308 810 2392 pulchre
841 2313 874 2374 et
896 2309 1036 2393 speciose
1058 2310 1207 2375 mulieres
1237 2316 1270 2376 et

117 2415 235 2496 multe,
258 2415 320 2480 riri
344 2436 418 2480 vero
452 2417 527 2479 cunt
549 2413 706 2480 deformes
738 2418 771 2478 et
792 2413 886 2498 pauci
910 2417 942 2479 et
965 2415 1087 2499 grocei;
1119 2416 1270 2481 mulieres

119 2545 155 2588 ex
179 2520 323 2586 naturali
346 2519 553 2584 inclinatione
586 2524 662 2584 eunt
683 2539 792 2584 omnes
815 2523 890 2603 apte
912 2520 951 2584 ad
974 2521 1187 2588 musicalia⁶t
1231 2521 1269 2587 In

684 2623 702 2654 ὓ

189 2679 201 2732 1
223 2677 304 2732 Dicae
323 2675 435 2745 augebo
454 2674 528 2730 finde
545 2674 591 2730 ich
610 2676 688 2732 eonrt
705 2674 793 2730 nicht.
883 2677 900 2730 2
919 2676 955 2731 So
973 2675 1117 2732 beriohten
1135 2676 1182 2733 die
1201 2678 1269 2734 mei-

116 2771 178 2824 rten
197 2765 298 2837 pilger.
334 2761 415 2818 Naoh
436 2760 520 2818 conr.
540 2762 571 2816 D.
591 2761 660 2832 pilg.
684 2762 716 2817 10
735 2779 811 2817 enm.
832 2763 864 2817 10
882 2765 958 2817 ware
981 2762 1040 2818 dice
1059 2763 1172 2818 cnidio
1190 2767 1269 2822 anto

117 2857 186 2910 ritat
209 2850 415 2908 Maundcrillaa
428 2850 484 2906 'hin
505 2849 677 2920 gcaohchcnz
695 2848 741 2904 ich
767 2849 875 2905 konnte
893 2847 962 2904 abar
980 2849 1018 2902 im
1033 2849 1189 2918 Reyssbnch
1206 2853 1270 2908 eine

117 2940 341 3010 diuherhgliohe
355 2937 430 2995 notia
444 2937 523 2992 nicht
535 2936 637 2993 finden.
674 2937 724 2991 Ale
736 2937 900 3006 geburteort
917 2935 966 2991 der
975 2935 1084 2992 Helena
1095 2937 1165 2992 vird
1175 2939 1271 3009 ociter

118 3035 206 3086 uuten
224 3046 280 3084 ron
300 3026 432 3081 Walther
450 3025 495 3080 die
512 3023 585 3079 inecl
606 3021 734 3092 ›Paryllc
753 3045 788 3072 =
808 3023 895 3078 Paros
912 3022 1081 3078 bezeichnet
1179 3026 1274 3080 ahur

118 3123 167 3176 der
190 3116 262 3174 iucel
283 3113 392 3170 Gandia
419 3111 534 3168 landate
552 3111 683 3167 Walther
700 3111 792 3166 wodor
820 3111 872 3168 auf
897 3111 947 3164 der
965 3110 1028 3166 hin·
1047 3111 1118 3168 noch
1146 3113 1198 3167 aui
1222 3111 1272 3167 der

118 3207 266 3263 rhchreiae.
303 3203 416 3258 Nthere
434 3198 659 3272 pilgerangaban
687 3198 755 3254 fiber
782 3197 904 3253 diecelbc
927 3198 973 3254 bei
993 3198 1076 3254 Fabri
1094 3199 1145 3264 ΙΙΙ,
1164 3201 1216 3257 278
1233 3199 1271 3268 ff„

119 3293 200 3351 Harff
216 3295 296 3349 6911.
315 3309 341 3348 a.
448 3287 563 3344 tDieee
590 3287 700 3352 hincho,
728 3287 832 3343 welche
851 3285 937 3341 Fabri
956 3286 1005 3352 ΙΙΙ,
1023 3288 1076 3344 313
1094 3289 1155 3344 eine
1175 3307 1271 3360 »prae-

118 3385 195 3440 clara
213 3381 348 3460 capella«,
372 3383 477 3442 nennt‚
505 3376 590 3432 stand
617 3375 663 3430 »in
682 3391 769 3433 cornu
787 3374 988 3446 promontorii«
1009 3375 1118 3432 Maleae
1137 3376 1194 3431 und
1213 3395 1272 3433 war

118 3489 154 3528 an
172 3471 223 3526 der
243 3468 326 3522 rtelle
344 3467 420 3522 cinea
431 3462 876 3535 heidniechanluppitertcmpele
888 3463 990 3518 erbcut
1002 3463 1115 3520 worden
1133 3483 1167 3519 au
1184 3467 1272 3522 ehren

119 3561 166 3616 dee
184 3559 224 3613 hl.
244 3555 380 3622 Michael,
408 3553 483 3610 einer
502 3555 636 3624 patronae
660 3552 710 3608 der
728 3551 905 3608 echiffrleutc.
942 3549 999 3606 Dae
1018 3554 1121 3622 »caput
1139 3553 1271 3623 Amuli«,

122 3665 174 3704 von
192 3645 258 3702 dem
276 3641 472 3718 Ottlloinrich
490 3641 605 3711 epricht‚
623 3639 682 3694 und
700 3639 751 3693 dar
771 3637 855 3693 Rour.
874 3636 971 3692 Mcicn.
991 3637 1070 3693 nicht
1089 3657 1124 3694 au
1142 3639 1272 3696 erhltren

119 3737 255 3798 vuuten,
285 3733 363 3787 kann
389 3747 443 3785 nur
470 3730 521 3785 dac
539 3727 694 3798 vorgebirg
722 3726 815 3782 Malea
840 3725 916 3790 acin,
944 3725 1062 3780 welohae
1082 3726 1157 3783 wohl
1175 3743 1273 3798 regen

120 3823 209 3880 dieser
229 3820 324 3876 kircha
342 3819 414 3875 auch
435 3819 536 3888 »caput
548 3815 662 3886 angeli«
682 3817 810 3886 genannt
823 3813 925 3868 wurde.
962 3813 1046 3871 Rohr.
1060 3814 1136 3870 Maia.
1156 3817 1188 3870 D.
1201 3815 1272 3885 pilg.

122 3915 209 3970 3941.
246 3911 336 3976 Borio.
365 3907 467 3967 istoria
484 3907 561 3963 della
579 3923 660 3962 sacra
678 3905 825 3974 Religione
852 3906 881 3960 et
901 3903 1007 3958 Militia
1025 3903 1054 3958 di
1074 3903 1101 3958 S.
1122 3901 1272 3958 Giovanni.

121 4001 190 4058 Rom
212 4001 288 4056 1622
307 4001 373 4068 eagt
390 3998 424 4062 ΙΙ,
443 3997 494 4052 615
513 3993 725 4051 auedrtclrlioh:
756 3994 800 4050 ’al
819 3993 896 4064 Gapo
916 3990 1031 4058 Mallio,
1049 4009 1067 4048 o
1085 3991 1127 4045 ria
1144 3989 1174 4044 di
1192 3987 1272 4044 Sant’

122 4089 254 4161 Angelos
364 4084 454 4140 bilae
473 4085 533 4140 alte
546 4083 640 4140 Meloe.
677 4081 728 4138 Die
742 4081 888 4136 aohonhcit
909 4080 959 4136 der
978 4081 1078 4135 trauan
1098 4075 1274 4132 undfrucht·

121 4177 232 4234 barkeit
259 4175 309 4230 dor
336 4173 407 4228 inael
425 4172 522 4227 ruhmt
550 4172 620 4226 auch
639 4169 835 4226 Ott·Heinrioh
855 4186 881 4225 a.
901 4185 927 4223 a.
946 4185 970 4224 o.
989 4169 1057 4232 396;
1076 4165 1121 4220 die
1139 4163 1273 4220 auebcute

124 4283 159 4322 un
178 4264 309 4321 schweiel
328 4261 464 4318 ludoich
482 4279 536 4316 nur
555 4259 599 4316 bei
618 4258 749 4315 Walther
769 4259 908 4313 erwahnt.
1015 4257 1031 4310 6
1051 4242 1125 4308 libor
1149 4251 1194 4306 dia
1212 4250 1274 4306 hier

125 4354 296 4425 augefflhrte
315 4349 465 4408 beaonderc
484 4347 680 4404 murihaliachc
697 4346 850 4417 begabung
874 4345 924 4400 der
943 4345 1043 4398 fraueu
1069 4341 1143 4396 finde
1167 4337 1212 4394 ich
1229 4339 1274 4396 bei

122 4441 230 4498 hcinem
251 4439 362 4496 andern
380 4439 471 4510 pilger
490 4439 552 4494 eine
571 4437 744 4505 ondcutuug.

1016 4522 1064 4586 6*
