3056 4944
815 336 877 404 162

274 521 449 581 morantur.
495 513 532 580 ln
568 515 699 580 civitate
724 513 811 578 Abra
843 518 919 578 sunt
942 503 1117 578 Christiani
1142 511 1215 576 'rari
1232 509 1253 592 ¹,
1285 516 1317 576 et
1338 510 1416 592 ideo,

276 621 402 706 quaudo
425 619 597 685 adveniunt
619 619 712 700 illuc,
744 623 939 684 concurrunt
969 619 1113 695 iuvenes,
1149 617 1326 682 deridentes
1357 639 1417 697 eos,

271 725 537 809 blasphemantes,
561 730 594 788 et
616 728 727 790 contra
749 745 801 788 eos
824 724 987 806 proiciunt
1010 721 1141 806 lapides,
1166 722 1250 807 quod
1273 727 1305 786 et
1327 723 1417 788 uobis

271 831 433 910 fecerunt,
467 833 634 915 sequentes
658 851 714 894 uos
736 850 835 914 usque
858 829 896 893 ad
921 829 1112 912 hospitium,
1144 848 1202 892 nec
1228 828 1417 892 audebamus

271 936 441 1020 prohibere
472 957 574 1019 neque
597 935 765 1000 molestare
793 935 902 1019 aliquo
925 935 1038 1013 verbo,
1069 955 1109 998 ue
1130 933 1247 1018 pagani
1271 939 1419 1017 caperent

272 1041 466 1106 occasionem
495 1046 606 1106 contra
639 1061 696 1105 nos
711 1037 734 1104 ¹.
781 1039 823 1102 ΕΙ
854 1061 947 1104 mane
978 1045 1052 1103 ante
1074 1059 1220 1103 auroram
1256 1040 1289 1102 in
1311 1039 1419 1122 spissis

272 1145 423 1224 tenebris,
446 1145 594 1210 videlicet
613 1147 726 1230 quinta
748 1143 829 1209 feria
852 1147 925 1228 post
940 1143 1244 1228 Quasimodogeniti,
1268 1166 1328 1228 que
1351 1148 1419 1208 erat

271 1251 391 1315 decima
413 1249 479 1314 dies
496 1251 611 1316 mensis
627 1251 758 1334 Aprilis,
781 1250 888 1315 subito
902 1249 1097 1314 surreximus
1119 1255 1151 1314 et
1170 1249 1308 1314 ascensis
1326 1248 1419 1312 mulis

272 1360 304 1420 et
327 1355 434 1435 asinis,
458 1355 617 1420 duxerunt
640 1377 697 1420 nos
721 1361 859 1440 quatuor
882 1355 1164 1420 trutmthelmonni
1188 1354 1269 1420 clam
1293 1359 1326 1418 et
1349 1354 1419 1418 abs·

272 1482 334 1545 que
349 1460 469 1525 lumine
492 1482 548 1544 per
564 1461 726 1526 civitatem
748 1467 781 1524 et
796 1461 913 1525 iterum
936 1461 975 1526 ad
991 1459 1137 1524 insolitas
1153 1461 1227 1540 vias,
1252 1459 1328 1544 quia
1349 1481 1420 1524 sen·

272 1566 395 1630 tiebant
417 1565 547 1630 insidias
569 1565 662 1630 nobis
684 1567 805 1648 positas
828 1565 860 1628 in
884 1565 953 1644 via,
981 1587 1039 1648 per
1061 1587 1157 1650 quam
1179 1565 1332 1631 venimus.
1381 1563 1422 1627 ΕΙ

272 1671 342 1736 ideo
363 1692 421 1755 per
444 1671 634 1736 indirectum
668 1671 829 1734 duxerunt
863 1691 920 1734 nos
954 1675 987 1734 et
1010 1675 1101 1735 extra
1123 1671 1223 1748 viam,
1259 1691 1423 1756 quousque

272 1775 438 1840 oriebatur
469 1797 600 1852 aurora3
632 1778 709 1840 tunc
731 1777 922 1840 reduxerant
955 1777 994 1839 cd
1017 1776 1121 1856 viam,
1155 1797 1216 1860 que
1246 1777 1351 1840 uadit
1383 1775 1421 1840 ad

271 1886 423 1966 puteum,
463 1903 555 1966 quem
589 1879 670 1946 fodit
702 1879 912 1960 Abrabam³,
944 1881 1028 1945 sicut
1061 1881 1198 1946 habetur
1231 1879 1344 1946 Genes.
1380 1883 1419 1944 21

274 2009 357 2070 cap,
382 1986 437 2071 qui
459 1990 577 2070 puteus
600 1985 694 2050 hodie
717 1984 881 2064 hauritur,
913 1989 945 2048 et
967 1983 1065 2049 habet
1086 1985 1226 2070 lapidem
1249 1987 1422 2052 rotundum

272 2091 356 2156 sicut
379 2090 461 2175 lapis
476 2090 607 2154 molaris
622 2089 857 2173 superpositum
882 2111 952 2154 cum
969 2089 1134 2156 foramine.
1182 2088 1317 2156 Demum
1333 2091 1423 2156 veui·

273 2218 343 2262 mus
366 2196 457 2260 iuxta
480 2195 588 2258 villam
612 2193 858 2278 prophetarum,
895 2216 956 2278 que
979 2195 1081 2259 estin
1106 2195 1224 2260 montis
1247 2197 1426 2262 vertisset

272 2307 403 2368 vocatur
425 2301 519 2366 hodie
536 2299 705 2384 Prophete,
729 2300 804 2384 quia
826 2299 871 2364 ibi
894 2301 1002 2383 plures
1025 2301 1062 2364 de
1078 2301 1239 2366 duodecim
1255 2301 1426 2386 prophetis

274 2408 341 2472 nati
365 2411 397 2470 et
411 2406 528 2470 morati
552 2411 628 2468 sunt
642 2403 664 2471 ⁴.
711 2404 753 2468 Et
768 2411 856 2469 terra
870 2405 1115 2490 circumquaque
1131 2411 1179 2470 est
1194 2406 1333 2472 multum
1358 2406 1423 2472 fer·

836 2511 854 2548 ἱ·

344 2581 357 2632 1
378 2576 458 2632 Naoh
476 2575 621 2632 Harff160
633 2576 734 2631 hatten
752 2576 816 2633 dort
837 2575 892 2631 »vil
906 2578 994 2648 goder
1015 2576 1117 2633 eristen
1132 2596 1187 2633 van
1206 2579 1261 2635 deu
1273 2579 1424 2646 surianos,

273 2667 318 2722 die
335 2682 401 2736 yere
418 2680 509 2734 eygcu
527 2663 622 2719 kirch'e
640 2663 723 2720 aldae
746 2665 863 2730 hausu«,
891 2667 1031 2736 gewohut.
1068 2667 1239 2730 sondemus,
1258 2666 1324 2722 dass
1344 2669 1424 2723 Wal-

273 2755 344 2818 ther,
363 2753 412 2810 der
431 2754 531 2822 ltnger
550 2753 607 2806 und
627 2753 700 2809 diter
720 2753 776 2808 und
795 2755 823 2808 iu
844 2754 1011 2824 beglcitung
1029 2754 1077 2810 des
1095 2753 1234 2824 guardian
1256 2773 1317 2810 vom
1337 2755 1426 2827 berge

274 2841 340 2898 Sion
358 2841 423 2897 dcrt
441 2857 509 2905 war,
529 2841 630 2896 hicvon
647 2841 742 2896 nichts
760 2841 870 2897 erfuhrl
953 2844 969 2896 2
988 2841 1066 2898 Auch
1085 2843 1169 2897 heute
1188 2841 1260 2897 noch
1278 2843 1341 2898 sind
1365 2844 1427 2898 »die

251 2951 254 2956 ·
273 2929 422 2985 Muslimsu
440 2947 495 2985 von
515 2929 628 2984 Hebron
646 2947 743 3000 wegen
761 2931 836 2986 ihtes
855 2930 1035 2986 Faustismus
1053 2929 1239 3000 bertichtigt«.
1260 2930 1342 2986 Baed.
1367 2933 1428 2986 169.

273 3017 340 3072 Hier
355 3023 436 3088 muge
452 3017 514 3073 eine
529 3017 610 3071 stelle
625 3016 722 3072 Febris
733 3019 766 3083 ΙΙ,
777 3019 826 3073 341
838 3018 1120 3088 berichtigtwerden.
1150 3019 1186 3072 lir
1205 3020 1271 3088 sagt
1288 3019 1424 3084 ntmlich

273 3106 337 3161 dass
355 3105 409 3160 seit
420 3103 899 3174 vielenjahrenheinechristlichcu
909 3105 1000 3175 pilgsr
1020 3104 1099 3159 mehr
1116 3105 1146 3160 in
1158 3105 1268 3162 Hebron
1287 3123 1426 3176 genesen,

273 3194 394 3251 obschon
413 3193 459 3248 die
472 3192 660 3248 auwesenheit
677 3209 793 3249 unserer
809 3192 902 3263 pilger
919 3209 972 3245 nur
991 3190 1050 3246 vier
1068 3195 1182 3248 menate
1194 3211 1244 3249 vor
1262 3193 1311 3248 der
1324 3193 1425 3250 h'abris

273 3281 349 3335 fsllt.
455 3281 471 3333 3
491 3279 585 3334 Dieser
603 3280 732 3336 brunnen
750 3281 917 3346 Abrahams,
936 3279 990 3334 deu
1009 3279 1053 3334 ich
1072 3281 1167 3336 weder'
1181 3281 1228 3336 bei
1248 3280 1331 3336 Fabri
1351 3283 1425 3340 noch

273 3367 318 3422 bei
336 3369 426 3423 ciuem
446 3367 553 3423 andern
566 3367 780 3439 gleichzeitigen
799 3367 892 3439 pilger
904 3368 1032 3422 eruthut
1044 3367 1125 3430 finde,
1146 3367 1217 3438 liegt
1235 3368 1264 3424 iu
1282 3369 1332 3424 der
1350 3372 1426 3425 nabe

274 3455 323 3510 der
341 3455 439 3510 ruinen
459 3455 561 3510 itemst
580 3455 713 3511 el-Ohalil
732 3457 800 3526 (vgl.
820 3474 841 3511 s.
862 3457 912 3513 153
931 3473 1005 3511 anm.
1025 3458 1053 3528 2)
1075 3456 1133 3511 und
1152 3455 1232 3512 heillt
1250 3457 1334 3513 haute
1353 3459 1428 3516 noch

274 3543 322 3596 Bir
340 3541 482 3597 el-chalil.
501 3542 583 3613 Sepp,
601 3543 656 3600 Jer.
676 3545 695 3608 Ι,
714 3545 774 3599 623.
793 3543 875 3598 cuer.
895 3543 958 3598 Jud.
979 3543 1028 3608 ΙΙΙ,
1047 3543 1107 3598 280.
1145 3544 1233 3598 Hiuen
1253 3543 1426 3599 Abrahams-

274 3630 403 3685 brunnen
421 3631 450 3685 in
465 3630 578 3687 Hebron
590 3631 677 3685 selbst
690 3632 840 3686 erwdhueu
854 3633 950 3698 Grata,
965 3631 1096 3702 Schsupl.
1107 3633 1158 3688 304
1172 3631 1226 3686 und
1240 3631 1322 3702 Sepp,
1336 3633 1395 3690 Jcr.
1408 3635 1427 3700 l,

274 3718 333 3774 609.
370 3718 402 3773 In
430 3718 479 3774 der
504 3721 577 3774 nahe
604 3721 652 3774 des
671 3718 719 3773 Bir
737 3719 871 3774 el-Ohalil
890 3719 961 3789 liegt
988 3720 1049 3775 eine
1067 3718 1175 3790 quelle,
1203 3719 1257 3773 hin
1275 3718 1427 3782 ed·Dirwe,

274 3806 366 3861 wohin
384 3807 533 3863 besonders
551 3807 664 3871 Guerin,
676 3806 741 3860 lud.
752 3805 799 3871 ΙΙΙ,
816 3805 905 3862 291ff.
925 3807 971 3862 dic
988 3808 1068 3862 taule
1086 3807 1135 3862 des
1148 3807 1317 3862 hammerers
1335 3807 1427 3882 durch

274 3891 421 3963 Philippus
440 3894 561 3964 verlegt,
583 3893 686 3947 lullend
708 3893 759 3947 auf
775 3893 830 3949 deu
849 3895 980 3964 augaben
999 3895 1047 3950 des
1066 3894 1212 3960 Eusebius,
1237 3893 1428 3964 Hieronymus

162 3998 166 4006 ’
275 3980 332 4035 und
351 3981 456 4052 pilgers
475 3998 529 4036 von
547 3979 701 4036 Hordeeux.
739 3981 775 4034 Er
798 3981 903 4052 glaubt
929 3981 974 4038 die
994 3983 1149 4052 verleguug
1167 3981 1257 4038 dieser
1275 3981 1428 4054 handluug

274 4085 312 4122 cn
331 4067 376 4123 die
387 4067 479 4138 quelle
493 4069 547 4122 Ain
560 4067 730 4139 el-Hanniye
751 4068 789 4122 sei
801 4069 927 4125 dadurch
941 4069 1110 4135 verculasst,
1129 4069 1180 4124 das
1191 4069 1287 4135 Bittir,
1306 4069 1427 4125 welches

275 4155 319 4208 bei
337 4154 425 4210 dieser
442 4155 535 4226 quelle
553 4155 624 4226 liegt
644 4156 700 4209 ond
719 4155 769 4210 das
782 4156 929 4213 berhhmte
947 4157 1015 4213 bibl.
1028 4157 1131 4212 bethar
1150 4157 1196 4222 ist,
1215 4158 1267 4212 mit
1286 4157 1357 4213 Beth
1373 4159 1428 4214 Zur

275 4241 319 4296 bei
338 4241 393 4298 Ain
411 4243 551 4300 ed-Dirwe
563 4245 742 4300 verwechselt
763 4244 864 4300 wurde.
883 4243 949 4314 Vgl.
968 4263 989 4301 s.
1010 4245 1058 4301 135
1079 4263 1154 4299 anm.
1173 4247 1198 4302 2.
1270 4248 1288 4301 4
1307 4243 1427 4302 Chirbet

275 4327 387 4396 Tckua‚
414 4331 464 4386 das
483 4331 542 4387 alte
560 4331 687 4398 Thekoa,
716 4333 879 4402 geburtsort
905 4334 954 4388 des
972 4333 1128 4404 propheten
1147 4337 1245 4400 Amos,
1273 4351 1331 4389 was
1348 4334 1426 4391 wohl

276 4417 478 4489 veraulcssung
490 4437 556 4484 war,
575 4419 628 4475 deu
644 4419 748 4477 flecken
760 4439 822 4476 aum
836 4422 965 4491 geburts·
978 4421 1034 4476 und
1047 4421 1270 4478 auienthaltsort
1283 4421 1427 4476 mehrerer
