3062 4938
655 343 697 408 27

110 517 291 582 dominicam
317 519 482 612 Adventus
511 516 543 602 [2
567 513 654 604 Dec]
685 517 822 583 contulit
845 520 937 584 nobis
967 521 1112 584 dominus
1140 540 1252 583 novam

110 623 250 706 gratiam.
298 621 383 688 Nem
413 645 471 708 per
492 645 579 687 suam
604 621 802 688 clementiam
833 629 866 689 et
888 626 1103 690 assistentium
1126 645 1252 707 compe·

110 729 239 794 ravimus
265 729 358 794 nobis
382 734 505 794 tantem
529 728 781 794 benevolentiam
806 731 908 813 patris
930 731 1094 813 gurdiani,
1116 729 1254 794 Simonis

109 833 144 896 de
164 831 312 913 Mantua,
334 856 371 899 ae
393 835 534 899 omnium
558 837 685 916 petrum
711 837 744 898 et
765 831 906 898 fratrum
927 834 1064 899 eiusdem
1082 838 1255 898 conventus

108 939 150 1022 [p.
174 939 249 1022 14],
274 941 359 1025 quod
383 941 501 1022 lingua
524 961 594 1004 mea
615 939 708 1022 plene
731 939 913 1022 depromere
944 961 1006 1004 nou
1032 939 1125 1003 valet.
1171 937 1254 1002 Nem

109 1065 177 1127 sepe
199 1049 232 1109 et
258 1043 445 1129 frequenter
468 1049 662 1129 rogaverunt
685 1067 735 1108 me
758 1043 891 1122 solicite,
915 1045 978 1108 nt¹
1003 1066 1055 1108 eos
1078 1066 1254 1120 manerem

109 1149 164 1232 ipsi
186 1149 311 1216 vellent
333 1171 385 1214 me
407 1155 514 1214 tenere
537 1149 570 1212 in
594 1149 876 1214 omni'reverentia
899 1155 932 1213 et
948 1150 1091 1228 caritate,
1115 1151 1199 1214 sicut
1221 1155 1254 1214 et

110 1253 195 1319 ruodo
216 1255 389 1335 fecissent,
421 1259 454 1320 et
476 1255 622 1339 amplius.
669 1254 843 1340 Negotium
868 1277 942 1320 vero
970 1278 1090 1332 meum,
1123 1261 1256 1340 propter

108 1347 183 1445 duod
207 1361 305 1440 exivi,
327 1383 391 1427 non
414 1361 606 1446 postulabat.

192 1467 391 1531 Advenientc
406 1471 512 1533 antem
528 1467 700 1531 reverendo
723 1471 815 1549 patre
838 1466 955 1531 vicario
970 1467 1131 1550 provincie
1154 1469 1253 1532 sancti

110 1573 278 1650 Anthonii,
303 1571 490 1638 Francisous
504 1571 682 1657 Reymundi
698 1569 720 1651 ²,
745 1569 895 1650 Venetae,
919 1571 1076 1655 applicuit
1092 1572 1195 1656 primo
1217 1574 1256 1637 ad

109 1683 296 1743 conventum
320 1681 429 1742 sancte
450 1677 551 1742 Mario
574 1677 612 1742 de
635 1677 749 1762 gratiis
772 1681 862 1741 extre
883 1677 1056 1757 civitatem,
1081 1681 1113 1741 et
1136 1677 1256 1760 incepit

110 1783 151 1846 ibi
173 1783 281 1866 primo
305 1783 529 1847 visitationem.
577 1781 619 1846 Et
651 1782 759 1846 audito
783 1783 919 1846 adventu
952 1783 1018 1846 eius
1041 1783 1152 1846 statim
1175 1781 1256 1846 exivi

108 1887 250 1952 adenem
267 1887 486 1951 reverentiam.
533 1887 577 1950 Et
590 1887 727 1951 salutis³
749 1893 860 1952 mutuo
876 1892 907 1951 et
923 1887 1114 1970 presentatio
1129 1886 1256 1965 litteris,

109 1993 253 2076 exposito
277 1992 407 2076 negotio
430 1993 593 2077 respondit
616 2015 680 2076 pya
702 2014 737 2056 ac
760 1996 893 2076 paterna
917 2012 1007 2056 voce:
1040 1989 1174 2055 »Frater
1196 1991 1256 2054 mi!

110 2095 222 2162 Redite
245 2097 285 2160 ed
316 2101 508 2161 conventum
532 2101 671 2161 vestrum
706 2101 738 2159 et
762 2096 949 2180 requiescite
971 2096 1033 2174 ibi,
1066 2095 1163 2160 donee
1185 2117 1257 2178 per-

112 2203 211 2267 ficiam
235 2203 470 2282 visitationem,
502 2208 535 2266 et
558 2201 686 2266 interim
710 2201 909 2280 deliberabo,
934 2201 1009 2285 qnid
1032 2200 1092 2264 sim
1115 2199 1259 2264 facturus

110 2309 305 2373 vobiscum«
355 2307 397 2372 Et
427 2309 472 2373 sic
494 2329 656 2392 regressus
684 2308 785 2372 mansi
815 2308 871 2372 ibi.
918 2305 1053 2390 Expleta
1075 2306 1259 2370 visitatione

110 2413 141 2476 io
165 2413 304 2498 singulis
327 2415 536 2478 conventibus
567 2419 633 2477 tarn
656 2413 793 2478 fratrum
818 2434 911 2496 quarn
935 2433 1096 2490 sororum,
1128 2435 1202 2476 uam
1225 2411 1281 2490 in¹

110 2519 216 2582 mdem
233 2518 365 2583 civitate
386 2523 462 2583 eunt
484 2519 546 2584 duo
561 2523 734 2583 conventus
754 2517 901 2592 fratrum,
924 2518 978 2584 ecl.
1005 2518 1105 2582 maior
1120 2537 1255 2580 couven-

109 2627 176 2702 tus,
205 2623 261 2688 ubi
291 2645 348 2688 nos
370 2625 531 2703 stetimus,
564 2627 597 2688 et
620 2626 667 2686 est
690 2623 782 2687 valde
804 2623 953 2687 solemnis
977 2623 1009 2686 in
1033 2622 1169 2705 singulis
1193 2626 1259 2685 tem

109 2727 147 2792 sd
170 2729 336 2794 ecelesiam
351 2751 445 2813 qnam
470 2731 566 2794 etiam
588 2729 627 2793 ad
646 2733 853 2803 conventum3
879 2728 995 2792 tratres
1012 2727 1127 2792 ibidem
1153 2748 1257 2790 neces·

109 2834 192 2898 suria
216 2835 295 2899 bene
320 2835 455 2910 babent;
480 2835 513 2898 in
538 2835 668 2900 ecclesia
690 2838 738 2898 est
753 2833 918 2916 sepulture
934 2833 1049 2897 ducum
1072 2837 1104 2896 et
1119 2832 1257 2897 ducissa-

111 2961 179 3004 rum
202 2941 241 3003 de
257 2938 391 3004 Mantua
405 2939 427 3020 ⁴,
451 2947 482 3005 et
505 2940 607 3006 altare
627 2963 786 3005 summum
809 2961 881 3004 enm
905 2939 1049 3024 reliquiis
1072 2937 1163 3002 valde
1185 2957 1258 3019 pre-

111 3047 198 3110 tiosis
221 3047 260 3112 de
275 3069 354 3112 auro
369 3052 402 3112 et
417 3053 559 3131 urgento,
583 3052 615 3112 et
630 3047 694 3112 alia
710 3050 907 3131 paramenta.
952 3044 993 3108 Et
1009 3042 1125 3107 fratres
1142 3043 1260 3106 habent

114 3173 243 3236 magnos
268 3153 393 3216 labores
425 3175 496 3218 cum
530 3153 645 3218 divinis
668 3153 792 3218 officiis.
841 3152 931 3216 Alius
962 3153 1134 3214 conventus
1155 3149 1261 3213 minor

112 3264 242 3322 vocatur
266 3258 304 3322 ad
329 3259 478 3340 spiritum
501 3263 664 3338 sunctum,
695 3263 727 3322 et
749 3258 866 3322 tertius
897 3260 986 3320 extre
1009 3253 1190 3332 civitatem,
1223 3254 1261 3317 dc

114 3385 175 3447 quo
196 3363 430 3446 supradictum
447 3366 503 3428 est.
530 3362 612 3427 Sunt
627 3367 659 3426 et
676 3361 739 3427 tria
754 3361 946 3426 monasteria
960 3363 1069 3422 sancte
1084 3357 1175 3422 Clare
1197 3357 1260 3422 ibi-

116 3469 193 3548 dem,
216 3467 325 3532 omnia
350 3468 427 3533 bene
449 3467 632 3546 reformato,
656 3487 792 3552 quorum
816 3466 877 3530 duo
899 3464 1012 3529 vivunt
1030 3464 1066 3543 in
1084 3463 1188 3546 primo
1211 3483 1259 3524 rc-

116 3573 188 3656 gula
209 3573 278 3637 siue
294 3572 553 3656 possessionibus,
577 3573 710 3637 tertium
726 3593 801 3636 vero
824 3571 856 3633 in
881 3569 901 3632 2
919 3568 1030 3653 regula
1045 3567 1165 3632 habene
1187 3587 1260 3650 pos·

117 3679 274 3743 sessiones.
320 3677 362 3742 Et
384 3681 421 3742 ut
436 3677 591 3758 intellexi,
615 3682 723 3762 patres
746 3676 876 3755 vellent,
902 3675 984 3760 quod
1006 3695 1115 3738 omnes
1130 3693 1261 3750 sorores,

680 3809 700 3847 ἃ

185 3905 197 3958 l
219 3901 303 3958 Fcblt
320 3901 403 3972 apud.
530 3904 546 3956 2
566 3891 641 3958 liber
666 3901 740 3956 diese
758 3898 976 3971 perebnlichkeit
992 3899 1099 3956 lonnte
1115 3897 1161 3952 ich
1179 3897 1262 3952 eben·

119 3989 236 4060 sewenig
255 3989 308 4045 urio
327 3990 393 4046 fiber
420 3989 466 4044 die
489 3988 646 4059 guardiane
664 4005 719 4044 von
739 3989 858 4044 Mantua
877 3987 933 4042 und
953 3986 1030 4042 della
1050 3985 1145 4054 Vigna
1162 3983 1262 4052 irgeud

120 4077 194 4132 einen
212 4075 350 4132 nsebwsie
368 4075 470 4132 finden.
575 4077 592 4131 3
610 4075 751 4131 salutatis.
830 4077 846 4129 4
866 4075 982 4130 Damals
995 4073 1138 4128 herrscbte
1156 4069 1202 4126 die
1220 4072 1261 4126 fa·

121 4161 192 4220 mssie
209 4165 344 4233 Gonsags
362 4163 392 4218 in
411 4165 538 4219 Mantus.
575 4163 620 4218 Sie
637 4181 697 4218 vvar
715 4164 801 4218 durch
822 4162 910 4231 buigi,
931 4162 1030 4218 herren
1049 4177 1103 4216 von
1117 4159 1260 4228 Gonsage,

121 4251 155 4306 im
170 4253 253 4323 jsbre
267 4253 334 4308 1328
352 4269 402 4306 aur
414 4251 573 4308 berrechaft
587 4251 707 4321 gelangt
719 4251 777 4306 und
791 4251 882 4307 verlor
896 4247 1018 4304 dieeelbe
1030 4249 1113 4301 unter
1126 4245 1210 4303 (lario
1224 4246 1262 4302 IV

21 4383 23 4416 ,
121 4339 155 4394 im
180 4341 263 4412 jsbre
282 4339 358 4396 170⁷.
394 4339 446 4395 Die
473 4339 685 4395 bertlimtesten
712 4338 856 4394 herrsober
883 4351 978 4392 vvaren
1007 4334 1147 4390 Giovanni
1176 4335 1262 4389 Fran·

21 4453 23 4500 ,
125 4445 194 4486 mco
207 4429 232 4485 ll
246 4427 313 4486 1407
323 4427 365 4484 bie
376 4429 444 4483 1444
455 4426 513 4482 und
525 4425 665 4482 Giovanni
677 4425 827 4482 cranenco
841 4425 880 4482 lll
895 4423 962 4481 1484
974 4422 1016 4478 bis
1033 4421 1106 4478 1519.
