3062 4938
638 331 679 404 35

95 509 173 593 quasi
187 531 295 576 ornnes
312 516 411 578 erunt
426 513 595 578 adversarii
618 513 681 578 mei
705 518 737 578 et
757 513 839 577 nihil
855 513 966 580 habeo.
1014 513 1128 580 Parcet
1143 516 1232 581 vobis

71 617 176 680 ‘deuel
214 616 329 682 Valete
360 617 531 683 feliciter!‹
581 617 725 683 Perlecta
755 618 864 683 littera
895 618 1069 704 habitoque
1102 623 1234 688 consilio

94 721 314 787 venerabilium
338 729 468 806 patrum
490 727 662 789 conventus
685 724 787 789 sancti
811 723 968 789 Francisei
991 727 1029 790 de
1052 728 1174 798 Arinea
1197 751 1234 793 ao

94 827 242 892 reverendi
268 828 372 912 patris
388 829 497 893 vicarii
513 829 677 912 provincie
693 829 795 894 sancti
811 828 945 893 Antonii
967 830 1116 896 dixerunt
1138 833 1233 898 mihi:

94 931 305 999 »Venerabilis
320 935 430 1017 pater!
454 933 520 999 Nos
539 935 683 998 volumus
706 955 773 999 erae
793 934 851 998 filii
869 935 955 1017 pacis
978 940 1010 1000 et
1032 958 1095 1001 non
1113 939 1233 1003 dissen-

91 1038 194 1116 sionis3
228 1041 259 1103 si
283 1043 390 1122 potest
412 1061 482 1104 curn
508 1037 554 1126 [p.
582 1039 635 1123 19]
667 1061 744 1123 pace
771 1043 802 1103 et
832 1040 1054 1125 tranquilitate
1077 1043 1164 1124 fieri,
1198 1049 1235 1108 ut

93 1143 265 1225 predicetis,
288 1146 345 1210 fiet
370 1146 403 1210 in
426 1146 554 1210 nomine
569 1145 698 1224 domini,
722 1146 749 1209 si
772 1167 846 1226 non,
869 1146 961 1210 stetis
984 1147 1017 1210 in
1042 1148 1125 1213 bona
1146 1171 1233 1234 pace.

95 1247 130 1311 Er
150 1249 318 1312 rescribite
339 1249 411 1328 sibi,
434 1254 471 1313 ut
494 1249 668 1334 intelligat,
691 1249 775 1334 quod
798 1253 1024 1335 conqueratis
1047 1255 1109 1318 nisi
1131 1255 1233 1334 deum,

95 1358 123 1416 et
143 1353 238 1418 facite
263 1353 386 1419 fructus
419 1355 517 1420 bonos
548 1355 582 1418 in
605 1355 767 1421 audientia
790 1355 1021 1422 confessionum
1044 1359 1233 1424 secularium

90 1463 118 1523 at
138 1460 235 1524 oretis
265 1461 376 1525 devote
406 1465 529 1544 patrem
553 1465 707 1524 nostrum.
753 1460 802 1524 Ad
834 1460 894 1526 hoc
917 1463 1084 1528 consilium
1107 1469 1234 1548 patrum

89 1565 216 1648 equiori,
243 1570 277 1629 et
293 1566 440 1649 rescripsi
458 1565 584 1650 prefato
600 1567 686 1649 patri
702 1567 735 1630 in
752 1565 865 1650 vigilia
880 1565 1118 1633 Purificationis
1133 1569 1233 1633 Maria

89 1666 120 1754 [l
144 1668 237 1733 Febr.
266 1668 367 1756 1482]
391 1671 425 1733 in
449 1670 507 1734 hec
529 1671 643 1734 verba:
680 1668 825 1734 »ihesum
857 1691 926 1735 cum
952 1671 1055 1737 Maria
1084 1695 1235 1759 generose

89 1773 118 1837 in
139 1776 245 1839 medio
268 1775 380 1858 templi
404 1775 507 1839 cordis
530 1775 708 1857 suscipere,
733 1776 870 1860 gratiam
894 1783 1077 1861 perceptam
1101 1778 1134 1841 in
1159 1799 1235 1860 pace

88 1879 231 1964 religiose
265 1883 466 1964 paupertatis
489 1880 649 1964 possidere
685 1881 914 1965 caritatemque
948 1880 1123 1947 fraternam
1146 1884 1233 1947 inde-

87 1987 222 2050 sinenter
252 1986 291 2049 ad
324 1985 460 2050 invicem
492 1986 641 2050 exhibere
671 2007 730 2068 pro
763 1987 882 2050 salute!
923 1986 1104 2052 Reverende
1127 1990 1234 2071 pater!

88 2089 166 2156 Satis
188 2093 275 2156 clare
290 2092 441 2176 apparuit
456 2091 536 2156 mihi
560 2097 592 2156 et
615 2093 737 2156 cunctis
753 2092 998 2176 inspicientibus
1020 2115 1077 2176 per
1092 2093 1234 2157 litteram

89 2201 247 2261 exaratam
271 2217 308 2262 ac
331 2198 457 2262 missam
482 2199 626 2262 anxietas
650 2199 751 2263 cordis
774 2198 871 2262 vestri
887 2203 1021 2282 propter
1042 2199 1149 2263 debita
1171 2197 1234 2262 sol·

89 2305 195 2384 venda,
220 2325 282 2388 que
306 2324 368 2367 non
392 2305 526 2388 possetis
548 2305 610 2368 nisi
631 2304 851 2387 predicaturus
873 2325 930 2387 per
947 2301 1234 2388 Quadragesimam.

89 2405 209 2487 Sciatis,
234 2429 289 2472 voa
313 2409 345 2472 in
370 2408 432 2472 hiis
447 2409 617 2474 declaratis
640 2432 738 2474 unum
755 2409 776 2488 ¹,
799 2411 837 2474 de
860 2409 976 2494 quibus
991 2409 1137 2474 dominus
1160 2430 1234 2473 con-

88 2516 234 2596 queritur
257 2533 316 2596 per
339 2511 495 2577 Michaanr
518 2513 691 2578 dicentem:
717 2512 920 2578 »Sacerdotes
943 2515 991 2578 tui
1014 2515 1156 2578 mercede
1179 2513 1234 2578 do·

87 2618 208 2698 cebant,
234 2623 267 2683 et
289 2617 447 2702 prophete
469 2618 518 2682 tui
541 2619 573 2682 in
597 2619 732 2702 pecunia
747 2619 953 2683 divinabant«
970 2618 992 2683 ².
1042 2619 1137 2682 Absit
1160 2619 1236 2682 talis

89 2725 229 2788 conditio
250 2746 270 2788 a
293 2729 399 2788 vestra
431 2723 581 2808 religiosa
612 2745 747 2807 persona
776 2723 896 2788 ordinis
920 2725 1093 2789 beatissimi
1123 2725 1234 2807 patria,

85 2829 185 2894 sancti
203 2827 375 2906 Dominici,
398 2829 454 2912 qui
470 2829 581 2894 stricte
598 2829 764 2912 prohibuit
780 2829 1009 2914 proprietatem
1032 2831 1066 2894 iu
1087 2829 1153 2893 suis
1169 2829 1234 2892 lra-

85 2935 197 3014 tribus,
220 2939 258 2998 ut
277 2934 394 3014 ¹melius
417 2935 527 2998 nostia.
572 2933 609 2999 ln
632 2936 765 3000 caritate
788 2936 902 3020 loquor
925 2940 957 2999 et
980 2935 1068 2998 aviac
1091 2954 1163 3012 voa,
1196 2955 1236 2996 ne

85 3040 211 3120 ponatis
235 3043 301 3103 tam
317 3060 446 3122 pravam
461 3038 620 3104 maculam
645 3040 678 3103 in
695 3044 837 3104 sanctam
854 3043 992 3105 vestram
1010 3039 1198 3123 religionem
1210 3037 1234 3105 ⁸.

86 3141 237 3210 Causaret
268 3146 353 3208 enirn
384 3165 534 3229 magnum
559 3145 743 3209 scandalum
772 3145 806 3208 in
830 3145 968 3228 populo,
1000 3165 1068 3208 cunr
1099 3148 1234 3224 notaret,

84 3247 312 3334 induceretque
334 3271 429 3334 super
458 3271 512 3315 vos
534 3250 794 3315 maledictionem
817 3251 919 3314 sancti
944 3249 1104 3314 Dominici
1127 3253 1236 3332 preter

85 3355 149 3419 alia
170 3355 370 3420 incommoda
392 3356 425 3420 in
448 3377 537 3421 sacra
557 3357 715 3440 scriptura
731 3361 924 3421 enumerata.
976 3354 1117 3419 Parcatis
1139 3353 1236 3418 mihi:

87 3482 165 3544 quos
186 3483 274 3540 amo,
303 3461 436 3544 castigo.
484 3461 656 3546 Hucusque
679 3461 763 3526 enim
794 3482 854 3546 ego
877 3482 941 3526 non
964 3459 1112 3526 consuevi
1135 3481 1237 3524 emere

87 3566 136 3629 rel
160 3567 293 3631 rendere
315 3565 452 3649 gratiam
475 3567 524 3632 vel
548 3565 651 3631 locum
676 3567 880 3650 predicandi,
903 3567 957 3631 sed
980 3566 1105 3650 quando
1128 3565 1161 3628 in
1185 3587 1235 3630 re·

87 3672 217 3735 troectis
241 3671 438 3754 temporibus
460 3677 589 3736 vocatus
626 3672 673 3735 fui
705 3673 743 3736 ad
768 3671 947 3756 hujusmodi
979 3671 1129 3750 officium,
1165 3671 1235 3735 dedi

89 3795 138 3839 me
152 3775 294 3840 absolute
318 3775 375 3839 deo
398 3782 430 3840 et
445 3775 640 3855 homiuibus,
663 3778 803 3842 almodo
826 3778 851 3841 si
869 3777 1050 3861 postulatus
1066 3775 1157 3841 fuero
1180 3776 1234 3838 de-

89 3879 194 3963 inceps
216 3901 449 3965 aquocunque‚
472 3903 535 3944 non
551 3881 679 3945 cessabo
703 3903 722 3944 a
743 3881 968 3964 predicatione,
991 3882 1018 3945 si
1041 3880 1155 3944 saltem
1178 3879 1233 3941 do·

89 3985 191 4049 minus
206 3987 357 4071 dignetur
379 3985 458 4050 mibi
474 4007 546 4050 cum
568 4007 625 4050 sua
647 3987 753 4070 gratia
769 3986 896 4070 copiosa
911 3992 1025 4064 astare,
1048 3985 1101 4048 sed
1117 3983 1234 4047 iterum

91 4095 124 4152 et
140 4091 252 4156 iterum
268 4095 401 4176 propter
416 4091 510 4154 deum
533 4097 565 4154 et
581 4090 706 4154 laudem
730 4095 762 4155 et
783 4089 935 4156 honorem
951 4089 1124 4155 dulcissimi
1140 4085 1235 4150 ihesu

92 4199 126 4257 et
145 4197 276 4261 salutern
299 4197 477 4260 animarum
493 4195 673 4307 voluntarie
697 4218 745 4260 me
769 4196 935 4260 exhibebo.
976 4195 1023 4256 Et
1046 4215 1109 4256 non
1133 4193 1235 4274 impo-

162 4335 172 4386 l
193 4333 291 4389 Wolrl:
311 4295 421 4398 εοίαιίεζ
441 4350 488 4390 roe
506 4333 550 4386 bia
568 4331 706 4388 declarari
725 4351 811 4387 unum
829 4335 881 4387 etc.
988 4329 1106 4385 ilMioh.
1125 4329 1174 4394 Ill,
1196 4331 1237 4383 11.

94 4417 223 4478 30rden.
256 4421 320 4492 Vgl.
339 4421 411 4476 oben
430 4423 444 4475 7
465 4439 539 4476 anm.
559 4419 584 4475 3.

1035 4505 1080 4570 3*
