3054 4944
798 327 863 394 288

257 503 345 588 grini
366 503 498 568 visitant
520 501 623 567 locum
647 502 833 587 frequenter
855 503 896 568 ab
919 509 1009 568 extra
1031 504 1070 568 ad
1093 503 1220 589 gradus.
1267 504 1309 569 Et
1331 509 1407 570 sunt

255 609 301 673 ibi
324 608 467 696 plenarie
490 607 697 692 indulgentie.
743 605 903 672 Officiales
936 608 1059 673 soldani
1093 609 1204 674 dicunt
1235 611 1348 689 ruodo,
1382 610 1407 673 si

256 711 412 778 Catholici
428 713 547 776 vellent
570 712 644 776 dare
671 717 829 776 trecentos
851 714 992 794 ducatos,
1015 713 1076 796 ipsi
1098 712 1220 779 vellent
1235 715 1408 798 impetrare

253 841 272 883 a
298 839 383 904 rege,
408 827 444 882 ut
466 817 668 901 permitteret
683 816 874 901 ¹reedificari.
921 815 981 882 Sed
1004 839 1096 882 nemo
1119 818 1186 882 illis
1209 819 1309 898 dabit,
1333 821 1407 904 quia

255 923 429 988 timendum
456 927 522 1001 cst,
557 922 582 985 si
614 921 678 986 iam
701 922 910 1006 recepissent,
934 927 1006 1006 post
1029 944 1145 1006 paucos
1167 945 1267 988 annos
1291 925 1407 988 iterum

256 1031 465 1107 destruerent,
489 1027 537 1090 vel
562 1030 611 1090 tot
634 1026 764 1091 ducatos
788 1026 904 1091 habere
926 1026 1057 1093 vellent.

303 1133 351 1198 De
374 1133 453 1213 loco,
476 1133 531 1196 ubi
554 1129 693 1197 lacobus
716 1133 821 1197 minor
844 1131 908 1196 fuit
930 1133 1095 1198 ordinatus
1118 1135 1149 1198 in
1175 1134 1357 1218 episcopum

670 1236 995 1304 lherosolimitauum.

344 1396 381 1410 ..
407 1393 414 1408 .
441 1345 486 1429 [p.
512 1341 592 1430 267]
619 1392 626 1407 .
652 1395 658 1407 .
684 1394 692 1408 .
725 1343 790 1408 Iste
812 1343 916 1424 loeus,
941 1346 974 1409 in
998 1368 1061 1430 quo
1083 1345 1147 1411 fuit
1168 1346 1336 1431 episcopus
1358 1343 1406 1406 iu-

255 1451 399 1529 stitutus,
423 1451 525 1514 estin
550 1452 658 1513 monte
673 1448 757 1534 Sycn
782 1454 874 1514 extra
896 1451 1071 1532 ecclesiam,
1097 1453 1182 1516 inter
1204 1449 1407 1536 cymiterium

255 1554 393 1618 fratrum
425 1561 458 1619 et
480 1555 673 1619 cimiterium
696 1554 835 1620 aliorum
858 1553 1134 1633 Christianorum
1170 1561 1203 1620 et
1225 1555 1302 1620 olim
1338 1558 1406 1618 erat

255 1660 341 1724 intra
373 1660 556 1738 ecclesiam,
604 1659 657 1722 sed
690 1658 783 1724 modo
817 1658 938 1723 nullam
972 1659 1069 1724 habet
1099 1663 1312 1736 structuram,
1354 1657 1406 1721 sed

255 1765 337 1848 lapis
359 1766 489 1850 grandis
512 1767 545 1828 in
569 1763 639 1828 loco
662 1764 695 1828 in
718 1764 842 1848 pariete
864 1765 1009 1847 signatus
1033 1770 1082 1830 est
1104 1784 1213 1844 cruce,
1235 1772 1269 1828 et
1291 1763 1336 1826 ibi
1359 1762 1406 1825 vi-

257 1871 374 1934 sitatur
397 1869 586 1935 airatribus
609 1874 641 1933 et
663 1869 736 1932 aliis
752 1867 942 1934 Christianis
957 1869 1152 1955 frequenter.
1200 1869 1242 1932 llt
1263 1873 1340 1933 sunt
1362 1866 1406 1930 ibi

257 1975 458 2060 indulgentie
479 1979 600 2059 septem
623 1995 780 2038 annorum
803 1979 835 2038 et
857 1980 978 2058 septem
1003 1995 1187 2039 caronarum
1204 1974 1226 2038 ¹.

445 2079 493 2144 De
515 2080 668 2145 electione
690 2077 845 2163 Stephani
868 2085 901 2144 et
924 2081 991 2145 eius
1014 2081 1219 2166 lapidatione.

344 2236 351 2250 .
376 2235 383 2249 .
408 2231 416 2250 .
442 2185 487 2269 [p.
503 2183 581 2267 268]
606 2185 613 2248 2
639 2233 678 2250 ..
714 2183 779 2248 Iste
802 2183 888 2249 locus
903 2185 1110 2269 lapidationis
1132 2184 1233 2249 sancti
1250 2181 1406 2265 Stephani

254 2311 317 2355 non
341 2290 437 2373 longe
460 2311 479 2353 a
501 2292 596 2372 porta
618 2289 759 2352 civitatis
783 2291 815 2353 in
840 2291 919 2373 pede
942 2291 1059 2356 montis
1075 2290 1178 2356 Moris
1201 2290 1234 2353 in
1251 2288 1334 2353 valle
1348 2285 1404 2352 Jo-

253 2396 369 2479 saphat
391 2415 492 2479 prope
508 2393 671 2459 ecclesiam
696 2396 787 2458 beate
802 2395 957 2479 virginis;
981 2400 1013 2460 et
1035 2397 1124 2460 iuxta
1143 2394 1277 2460 cundem
1299 2393 1404 2458 locum

254 2505 301 2564 est
325 2501 421 2579 locus,
444 2499 499 2563 ubi
516 2497 630 2564 Saulus
653 2501 754 2576 stetit,
778 2505 810 2564 et
833 2501 1031 2564 custodiebat
1045 2501 1235 2565 vestimenta
1257 2499 1403 2581 lapidan-

254 2607 344 2670 tium.
385 2605 426 2670 Et
441 2605 535 2670 hodie
548 2606 722 2670 visitantur
740 2610 772 2670 et
787 2606 997 2671 ostenduntur
1013 2607 1105 2671 ambo
1119 2605 1189 2671 loca
1206 2603 1404 2690 peregrinis;

254 2733 312 2775 nec
334 2710 379 2774 ibi
403 2715 452 2774 est
474 2710 583 2794 aliqua
606 2710 737 2775 ecclesia
765 2731 823 2775 nec
845 2711 977 2774 minima
999 2715 1176 2787 structura3
1207 2716 1239 2773 et
1261 2709 1306 2772 ibi
1330 2713 1406 2772 sunt

254 2815 453 2899 indulgentie
476 2821 596 2899 septem
620 2837 777 2880 annorum
800 2821 833 2879 et
856 2819 979 2899 septem
1002 2837 1186 2880 careuarum
1201 2813 1224 2879 ¹.

306 2917 353 2984 De
375 2919 454 3001 loco,
478 2921 511 2985 in
536 2941 599 3004 quo
621 2921 759 3003 apostoli
782 2921 961 3005 symbolum
986 2923 1241 3003 composuerunt,
1265 2920 1362 2989 etde

627 3025 856 3108 compositione
879 3025 1027 3091 eiusdem.

342 3129 421 3195 Cum
437 3131 574 3214 apostoli
599 3131 688 3215 quasi
713 3135 813 3194 totam
829 3129 964 3195 Judeam
981 3130 1222 3210 convertissent,
1246 3179 1278 3195 ..
1297 3179 1306 3193 .
1329 3151 1404 3194 con-

823 3256 842 3292 ᾗ

256 3355 287 3410 Ι).
307 3356 375 3425 pilg.
388 3355 435 3424 81)
453 3355 509 3409 und
524 3355 647 3410 Lochncr
665 3354 816 3426 (Geisheim
828 3355 890 3422 211)
908 3355 979 3411 noch
999 3355 1060 3410 eine
1079 3355 1189 3425 hepelle
1208 3373 1244 3410 an
1262 3356 1313 3410 der
1325 3355 1406 3411 stelle

254 3444 303 3497 der
328 3441 581 3512 geistausgiessung
608 3443 702 3498 sahsu.
742 3443 805 3513 Vgl.
824 3443 973 3498 besonders
992 3443 1122 3513 Conrady
1141 3463 1161 3499 s.
1183 3443 1407 3500 lausannae.

254 3529 349 3584 Disser
369 3530 454 3584 sowie
471 3529 520 3582 der
538 3529 609 3585 oben
628 3547 649 3583 s.
668 3531 719 3584 271
739 3531 926 3600 besprcehene
944 3531 1045 3585 irrtum
1065 3531 1210 3586 Walthers
1228 3531 1340 3587 konnen
1359 3531 1405 3587 die

254 3615 486 3685 auverldssiglreit
503 3615 594 3671 seincr
614 3617 745 3686 angaben
764 3619 832 3674 iiber
851 3619 938 3674 selbot
950 3619 1069 3674 erlebtes
1090 3620 1146 3674 und
1166 3619 1254 3674 aelbst
1267 3620 1403 3676 beobach-

254 3707 325 3758 tetes
344 3704 422 3758 nicht
440 3705 624 3760 erschrlttern.
664 3705 727 3776 Vgl.
747 3707 812 3763 einl.
833 3707 893 3762 Vll.
930 3707 980 3762 Die
1004 3707 1129 3762 echthcit
1153 3705 1202 3762 der
1226 3707 1330 3777 grltber
1350 3709 1403 3762 Da·

254 3791 315 3844 vids
327 3791 382 3844 und
398 3791 522 3848 Salomcs
535 3792 606 3846 wird
617 3792 739 3848 viellach
752 3795 805 3848 mit
818 3795 896 3849 recht
909 3795 1067 3850 bestritten.
1108 3795 1187 3850 Birch
1201 3794 1315 3862 (ZDPV.
1328 3796 1349 3861 I,
1361 3797 1404 3866 89)

254 3879 334 3932 sucht
353 3879 399 3934 die
423 3880 525 3948 grater
543 3879 648 3934 Davids
676 3882 733 3936 und
762 3882 811 3937 der
830 3883 953 3938 anderen
972 3883 1075 3951 hbnigc
1103 3901 1149 3937 am
1168 3882 1272 3954 ophel,
1304 3885 1406 3939 ebenso

255 3983 279 4021 v.
299 3965 384 4019 Alten
404 3982 428 4020 a.
448 3983 473 4020 a.
492 3985 515 4022 o.
535 3965 583 4035 Ill,
603 3971 653 4024 166
672 3970 692 4024 f.
728 3969 795 4041 Vgl.
815 3971 1013 4037 Ebora-Guthe,
1035 3973 1139 4027 Parcet.
1158 3973 1179 4032 l,
1200 3971 1250 4028 108
1269 3971 1288 4025 f.

325 4057 337 4108 1
360 4055 467 4111 Ebenso
485 4054 569 4110 Fabri
588 4057 608 4122 l,
627 4058 686 4112 27³.
723 4057 790 4127 Vgl.
809 4059 887 4116 Tobl.
907 4059 974 4130 Top.
993 4059 1101 4122 11133.
1174 4061 1190 4114 2
1209 4059 1293 4114 Fabri
1312 4059 1333 4124 1,
1352 4059 1405 4114 370

253 4142 359 4212 spricht
379 4161 432 4199 ron
451 4143 527 4198 einer
548 4145 644 4213 ’petra
661 4143 691 4198 in
710 4146 874 4200 summitate
892 4147 1012 4216 plana«,
1038 4145 1090 4200 auf
1106 4146 1208 4202 welche
1234 4146 1278 4200 die
1297 4144 1405 4200 hleider

253 4231 302 4285 der
320 4231 455 4300 steiniger
473 4233 570 4301 gelegt
597 4231 729 4288 andron
753 4234 852 4288 Saulus
876 4235 1004 4288 benacht
1024 4234 1145 4288 wurden.
1181 4233 1349 4288 »Paululum
1368 4233 1405 4288 ab

252 4317 304 4372 illa
322 4321 404 4387 petra
422 4319 458 4373 ad
477 4320 567 4375 locum
586 4319 728 4385 venimus,
756 4322 787 4376 in
813 4339 869 4391 quo
887 4323 1045 4392 Stephanus
1073 4321 1129 4376 fuit
1148 4321 1309 4392 lapidatus«
1338 4319 1406 4375 ibid.

257 4405 319 4474 Vgl.
338 4405 417 4462 Tobl.
435 4407 502 4478 Top.
522 4407 542 4472 Ι,
564 4411 620 4464 174.
