3054 4944
802 333 868 399 296

259 531 350 577 mons
374 511 406 574 in
423 510 553 594 regione
568 509 703 574 Gellilee
726 527 789 573 non
805 507 901 592 longe
923 505 1132 587 aNezaretb,
1156 506 1275 573 hebens
1297 509 1337 574 ad
1360 531 1410 572 ra·

260 617 361 681 dicem
384 616 452 680 eius
468 617 643 678 torrentem
667 612 761 678 Oison
785 616 818 676 et
840 615 962 677 montes
979 611 1102 676 Gelboe
1125 634 1164 677 ex
1187 635 1250 678 una
1264 619 1358 698 parte
1381 619 1414 678 et

260 743 347 786 mare
377 719 511 784 Gallilee
542 739 581 782 ex
607 717 709 782 altera
742 720 843 801 parte.
900 713 1015 780 Utrum
1046 721 1155 782 autam
1185 739 1244 784 nec
1273 739 1325 784 ros
1353 740 1413 784 nee

259 825 369 910 pluvia
391 822 559 889 descendat
580 844 676 906 super
697 822 756 888 hos
779 825 919 902 montes,
943 823 1154 887 certamnen
1179 823 1333 902 hebetum
1363 823 1411 888 vi·

262 930 326 994 cini
349 933 486 1012 negant,
512 927 595 1012 quod
618 927 684 992 sint
705 927 782 991 sine¹
796 926 917 1011 pluvia.
962 925 1011 992 Da
1041 927 1208 993 ordinibus
1230 925 1338 995 antem
1360 928 1412 994 ci-

261 1034 480 1100 sterciensium
504 1037 537 1096 et
552 1031 896 1108 premonstratensium
921 1032 954 1098 in
977 1031 1055 1097 locis
1070 1025 1205 1118 ydoneis
1220 1034 1323 1099 multa
1343 1055 1412 1100 mo·

260 1139 400 1204 nasteria
410 1141 666 1217 construxerunt,
677 1137 714 1203 de
724 1137 840 1223 quibus
849 1137 974 1202 nullum
982 1135 1033 1201 his
1042 1137 1412 1223 temporibusapparet¹.

262 1243 358 1308 lllulti
380 1242 437 1307 alii
459 1239 565 1308 devoti
587 1243 621 1306 in
644 1243 776 1308 diversis
800 1241 960 1326 speluncis
984 1247 1017 1305 et
1041 1243 1118 1308 locis
1136 1247 1330 1326 aptaverunt
1352 1246 1413 1310 sibi

261 1348 472 1434 pauperculas
489 1348 678 1426 mansiones,
703 1352 740 1413 ut
762 1347 875 1412 saltem
899 1348 957 1413 deo
972 1351 1103 1431 possent
1126 1349 1245 1412 servire
1268 1348 1302 1413 in
1325 1355 1412 1415 terra

262 1458 382 1518 sancta.
414 1451 519 1518 Etiam
537 1453 632 1518 multi
655 1475 694 1518 ex
711 1453 782 1532 hiis,
806 1454 862 1538 qui
878 1453 1033 1518 desiderio
1047 1457 1157 1518 sancta
1173 1459 1257 1518 terre
1273 1455 1311 1519 de
1328 1460 1413 1519 terra

263 1563 295 1624 et
317 1558 523 1642 generatione
555 1579 612 1624 sua
646 1563 678 1624 et
712 1555 751 1623 de
773 1559 918 1624 domibus
953 1563 1080 1642 petrum
1104 1578 1233 1624 suorum
1257 1559 1414 1639 exierunt,

263 1665 339 1729 licet
362 1663 458 1728 turbe
480 1671 512 1728 et
534 1661 692 1729 tumultus
717 1664 881 1730 hominum
901 1662 1090 1748 plerumque
1114 1663 1265 1747 religioni
1287 1665 1331 1728 sit
1354 1664 1412 1728 im·

262 1769 489 1854 pedimentum,
512 1769 694 1834 maluerunt
716 1773 821 1832 tamen
847 1767 931 1832 inter
946 1769 1068 1832 turmas
1084 1765 1277 1852 populorum
1300 1787 1413 1851 corpo·

264 1873 377 1938 raliter
404 1875 565 1954 habitere,
600 1895 695 1959 quam
731 1876 954 1939 assuetarum
976 1872 1144 1938 civitatum
1167 1870 1347 1953 Nazareth,
1380 1874 1413 1936 in

266 2001 329 2065 qua
344 1977 490 2044 Christus
513 1980 551 2044 de
572 1979 690 2064 spiritu
712 1983 823 2044 sancto
848 1999 886 2042 ex
904 1975 1006 2043 Maria
1021 1978 1147 2064 virgine
1162 1981 1334 2062 conceptus
1357 1983 1414 2058 est,

265 2083 441 2164 Bethleem,
464 2085 498 2148 in
523 2106 585 2169 qua
601 2083 747 2148 Christus
770 2106 809 2148 ex
828 2082 930 2148 illaria
951 2087 1046 2148 natos
1068 2088 1126 2164 est,
1149 2081 1356 2163 iherusalem,
1381 2084 1414 2148 in

265 2211 328 2275 que
362 2211 421 2274 pro
444 2187 547 2254 salute
569 2193 679 2254 nostra
701 2189 870 2254 crucifixus
903 2195 935 2254 et
958 2195 1104 2255 mortuus
1126 2188 1335 2274 sepultusque
1357 2193 1415 2270 est,

266 2317 327 2380 que
347 2300 511 2378 tamquam
533 2294 648 2359 cellule
670 2294 841 2360 aromatice
862 2294 1015 2360 salvatori
1038 2291 1184 2360 redolent
1199 2295 1413 2360 conversatio-

265 2421 348 2480 nem,
370 2399 569 2464 habitatione
590 2399 721 2482 privari.

346 2504 393 2570 De
415 2509 525 2570 sancta
547 2504 677 2569 civitate
698 2503 895 2570 iherusalem
918 2512 950 2570 et
972 2507 1011 2570 de
1034 2502 1218 2587 patriarcha
1240 2507 1274 2568 et
1296 2503 1335 2569 de

674 2610 882 2694 suffraganeis
905 2611 972 2676 eius
985 2607 1009 2674 ².

353 2713 538 2780 Patriarche
562 2713 857 2781 iherosolimitanus
883 2715 995 2780 habuit
1009 2715 1069 2779 sub
1091 2735 1124 2778 se
1142 2719 1281 2800 quatuor
1295 2719 1417 2780 metro·

834 2849 854 2885 ἃ

267 2943 456 2998 constructum
474 2941 579 2998 ordinis
597 2943 688 2998 sancti
707 2942 858 2998 Benedicti.
897 2941 992 2996 Abbas
1021 2941 1082 3011 ejus
1108 2940 1190 2995 bulla
1206 2939 1340 3011 plumbea
1357 2943 1417 2996 ute·

266 3029 351 3083 batur
369 3029 402 3082 nt
419 3043 503 3098 papa,
521 3045 639 3098 quorum
657 3029 752 3099 plures
771 3029 840 3084 bene
855 3027 938 3082 ridi«.
978 3027 1135 3098 Uehrigens
1147 3025 1267 3083 bestend
1286 3025 1340 3082 aui
1355 3027 1418 3083 dem

266 3117 351 3185 berge
371 3115 482 3171 Thabor
501 3115 587 3171 sehon
604 3133 653 3170 eur
671 3116 726 3171 neit
745 3117 793 3171 des
814 3116 914 3171 ¹circuli
930 3115 1151 3172 undWillihald
1172 3115 1216 3172 ein
1234 3115 1418 3186 griechisches

266 3200 380 3259 kloster.
416 3201 495 3272 Sepp,
513 3203 566 3258 Jer.
587 3203 621 3266 Π,
642 3205 701 3260 166.
834 3196 837 3204 ’

340 3290 353 3342 1
374 3289 454 3344 Diese
471 3289 553 3344 stella
571 3289 697 3345 erinnert
714 3291 777 3346 sehr
803 3307 840 3344 an
860 3291 928 3355 hud,
947 3309 973 3346 r.
989 3289 1075 3346 Sudb.
1094 3291 1143 3344 94:
1173 3291 1225 3344 »Et
1243 3289 1341 3345 dicunt
1358 3291 1418 3361 qui·

268 3377 342 3440 dem,
362 3375 436 3446 quod
455 3393 499 3433 ros
519 3377 563 3432 vel
583 3377 681 3447 pluvie
700 3395 755 3434 non
775 3378 871 3434 veniet
890 3395 973 3449 super
991 3395 1046 3443 eos,
1066 3377 1263 3448 quodfalsum
1282 3379 1334 3442 est,
1353 3377 1419 3448 quia

268 3481 354 3535 quam
372 3463 495 3534 plurima
511 3465 701 3534 pulcherrima
718 3465 823 3521 ibidem
842 3469 995 3521 cernuntur
1014 3467 1125 3520 stetisse
1138 3464 1311 3520 monesteria
1329 3467 1359 3520 et
1376 3483 1419 3520 or·

270 3553 368 3607 dinum
387 3551 611 3606 Cisterciensium
630 3555 659 3607 et
676 3553 821 3608 Benedicti
840 3553 938 3620 fuisse,
966 3555 1090 3608 testetur
1109 3551 1222 3622 pictura
1240 3551 1419 3606 eorundem«.

270 3639 335 3708 Vgl.
354 3638 434 3694 hiesu
453 3639 525 3694 euch
544 3640 594 3696 das
614 3659 663 3696 aus
683 3641 746 3698 dem
765 3645 856 3698 ersten
869 3641 1021 3714 jahreebnt
1039 3641 1087 3696 des
1106 3640 1228 3712 9jahrh.
1243 3638 1418 3695 stemmeude

269 3726 565 3784 commemoratorium
592 3729 627 3785 de
654 3729 724 3785 cesis
744 3730 792 3784 Dei
811 3730 856 3785 rel
882 3730 1067 3786 monasteriis.
1106 3727 1185 3785 Tobl.
1217 3727 1419 3797 Descriptiones

269 3815 372 3870 Terrae
390 3816 512 3869 sanctae.
549 3815 663 3886 Leipzig
683 3817 759 3873 1874.
778 3837 804 3888 p.
825 3819 858 3872 77
876 3817 906 3874 ff.
994 3817 1011 3871 2
1031 3817 1082 3872 Die
1102 3820 1195 3872 ersten
1211 3814 1420 3884 jubrhunderte

158 3959 163 3973 ,
269 3921 327 3958 war
345 3902 501 3958 Jerusalem
520 3921 573 3958 nur
590 3903 636 3958 ein
654 3905 777 3968 histum,
796 3903 846 3960 der
864 3904 1026 3975 metropolis
1045 3905 1181 3960 Caesares
1200 3901 1419 3972 untergeordnet

270 3991 328 4045 und
345 4007 409 4044 num
427 3989 622 4060 patriarchete
640 3992 809 4048 Antiochien
824 3993 949 4062 geborig.
985 3991 1045 4046 Aul
1061 3992 1124 4046 dem
1143 3990 1232 4046 concil
1247 4007 1301 4046 ron
1314 3989 1420 4046 Nicaea

270 4079 321 4135 325
351 4078 467 4134 brachie
497 4079 636 4134 Macarius
665 4081 757 4151 einige
787 4081 890 4152 bingen
919 4081 987 4136 iiber
1011 4079 1086 4135 diese
1116 4079 1242 4148 stellung
1260 4095 1324 4142 ror,
1353 4078 1420 4134 aber

271 4167 343 4222 ohne
361 4166 459 4236 eriolg.
498 4167 555 4220 huf
571 4167 634 4222 dem
651 4169 739 4224 concil
758 4187 791 4223 nu
810 4167 969 4225 Chalcedon
988 4168 1026 4222 im
1042 4169 1127 4238 juhre
1140 4167 1188 4222 431
1213 4165 1361 4236 verlnngte
1379 4165 1418 4220 bi·

271 4253 352 4310 schof
368 4253 512 4309 iuvenalis
533 4257 582 4309 »ut
600 4255 730 4327 deinceps
747 4257 878 4313 ecclesiae
904 4274 970 4312 suae
998 4255 1101 4312 dicioni
1120 4253 1305 4309 subiiceretur
1324 4253 1419 4309 Antio·

271 4341 360 4396 chene
378 4342 494 4397 ecclesia
512 4343 588 4398 omni
612 4343 824 4414 patriarchatus
851 4345 955 4401 honore
973 4343 1112 4414 spoliata«
1130 4341 1232 4412 jedoch
1250 4339 1420 4412 vergeblich.

274 4427 334 4482 Von
359 4428 422 4482 dem
442 4430 651 4500 ephesiniscben
670 4431 886 4488 conciliabulum
905 4431 1035 4501 erlangte
1062 4447 1092 4485 er
1116 4429 1217 4499 jedoelr
1235 4431 1288 4484 450
1307 4427 1354 4484 die
1370 4443 1419 4498 pa·
