3054 4942
633 391 693 456 177

87 563 212 628 tenebo.
259 561 345 628 Nam
367 584 419 628 me
441 563 506 627 suis
529 564 647 630 litteris
671 565 702 628 in
728 565 873 648 partibus
896 566 1026 630 remotis
1049 585 1145 649 snpra
1166 587 1233 630 mo·

89 673 160 732 dum
185 668 435 733 consolabantur
457 671 669 753 spiritualiter
692 676 724 736 et
747 671 965 754 corporaliter.
1012 671 1054 734 Et
1068 671 1237 735 videbatur

85 774 175 856 mihi,
200 773 286 860 quod
308 795 372 839 non
396 781 478 840 esset
503 798 552 840 res
575 777 703 856 mundi,
738 799 834 861 quam
857 777 1042 860 recepissem
1065 797 1125 860 pro
1147 779 1238 838 tanta

86 879 290 943 mlutatione.
337 878 379 943 Et
401 881 474 960 hiis,
499 882 554 967 qui
577 883 767 965 portabant,
790 904 876 946 eram
900 881 1030 946 omnino
1052 903 1110 964 per
1132 880 1239 945 omnia

86 984 124 1048 ad
144 983 356 1056 voluntatem.
375 987 414 1060 ¹in
438 991 592 1071 quantum
623 987 702 1051 mihi
725 987 876 1070 possibile
898 986 970 1051 fuit.
1016 986 1060 1050 nt
1083 988 1238 1071 quantum

87 1089 123 1152 ad
146 1091 244 1154 deum
266 1095 299 1154 et
316 1090 470 1168 homines,
493 1113 556 1156 non
580 1113 634 1156 ero
655 1093 831 1173 immemor,
855 1092 939 1176 quod
962 1091 1022 1174 ipsi
1047 1094 1154 1174 patres
1177 1089 1238 1154 mei

87 1193 218 1258 fuerunt
234 1196 400 1274 recordati,
425 1195 637 1281 refundatque
660 1198 744 1276 deus,
769 1203 800 1261 et
823 1219 882 1281 ego
905 1197 1035 1260 intendo
1051 1217 1234 1278 recompen-

88 1319 165 1378 sare,
189 1299 217 1362 si
233 1299 380 1365 dominus
396 1302 484 1365 dabit
499 1302 578 1366 mihi
595 1303 743 1387 gratiam,
759 1303 793 1366 in
810 1301 983 1386 multiplici
998 1300 1112 1366 forma.
1158 1299 1238 1366 Cum

87 1411 192 1471 autem
209 1406 331 1470 domini
347 1407 520 1490 peregrini,
537 1408 676 1487 comites,
694 1408 804 1472 baroni
817 1407 936 1492 aliique
947 1406 1070 1471 nobiles
1080 1405 1238 1489 cepissent

89 1513 238 1576 notitiam
272 1534 341 1576 mee
371 1535 523 1596 persone,
555 1535 664 1579 omnes
687 1513 909 1579 confluxerunt
940 1513 973 1576 in
997 1512 1238 1576 necessitatibus

90 1639 196 1682 eorum
221 1618 260 1681 ad
284 1639 344 1698 me,
367 1621 399 1682 et
421 1620 557 1683 maxime
573 1620 716 1684 volentes
738 1619 819 1683 mihi
844 1619 998 1683 confiteri.
1044 1616 1165 1692 Quibus
1187 1637 1238 1680 me

89 1721 185 1786 libere
209 1723 333 1806 prebui,
357 1727 389 1786 et
412 1725 617 1808 inquantum
639 1725 741 1809 potui,
766 1724 816 1789 die
832 1729 991 1808 noctuque
1013 1723 1083 1787 dedi
1099 1743 1238 1804 operam,

90 1831 118 1890 et
139 1827 288 1911 expedivi
312 1849 434 1906 omnes,
467 1830 590 1893 utinam
614 1831 693 1895 bene
717 1835 748 1894 et
771 1851 830 1914 pro
854 1829 946 1893 laude
969 1828 1017 1892 dei
1032 1827 1053 1894 ¹.
1101 1826 1142 1890 Et
1164 1848 1238 1891 con·

91 1931 177 1996 fessis
202 1939 235 1997 et
271 1935 509 1999 communicatis
542 1935 677 2021 singulis
718 1936 838 2020 incepit
869 1935 974 2018 primo
1003 1955 1128 1998 mecum
1150 1931 1239 2016 loqui
1329 1985 1335 2000 .

90 2039 278 2102 reverendus
296 2039 498 2104 Bernhardus
521 2041 666 2124 prefatus
691 2041 729 2105 de
752 2039 1011 2124 peregrinatione
1035 2039 1074 2102 ad
1096 2040 1239 2101 sanctam

91 2141 311 2222 Katherinam,
335 2165 451 2229 rogans
474 2167 535 2224 me,
557 2151 596 2210 ut
618 2141 677 2227 epo
700 2147 807 2210 darem
831 2167 880 2208 me
898 2145 996 2208 libere
1019 2144 1058 2207 ad
1081 2143 1143 2206 iter
1166 2163 1239 2206 oum

91 2248 181 2332 ipsis,
216 2254 250 2312 et
273 2249 455 2328 subiunxit,
491 2250 574 2334 quod
597 2273 705 2321 eorum
730 2255 833 2314 essent
855 2249 969 2326 multi,
990 2253 1023 2312 et
1045 2247 1072 2310 si
1094 2247 1152 2311 alii
1175 2268 1238 2310 non

93 2353 208 2418 vellent
222 2375 275 2418 me
289 2354 407 2432 invare,
423 2355 491 2438 ipse
506 2355 591 2418 aolus
607 2355 705 2419 vellet
720 2376 778 2438 pro
796 2377 844 2420 me
860 2353 1036 2436 expendere
1051 2351 1236 2416 necessaria.

91 2456 144 2522 Cui
169 2459 267 2522 retuli
290 2481 423 2544 magnes
446 2463 570 2544 grates3
604 2466 747 2525 attamen
779 2466 861 2525 esset
882 2459 963 2524 mihi
985 2458 1166 2523 ohedientia
1188 2457 1238 2520 iu-

92 2564 215 2641 iuncta,
245 2587 302 2649 per
326 2587 422 2650 quam
445 2567 595 2630 haberem
619 2568 729 2630 statim
752 2567 799 2630 ire
822 2566 862 2630 ad
885 2569 993 2649 partes
1016 2563 1144 2627 fidelum
1167 2583 1239 2626 cum

91 2670 196 2752 galeis.
242 2669 317 2752 Ipse
339 2671 498 2736 adiunxit:
536 2670 691 2756 »Oportet
712 2693 767 2737 vos
799 2672 845 2735 ire
874 2671 1057 2744 nobiscum;
1092 2689 1151 2751 ego
1174 2668 1239 2731 scio

91 2797 183 2840 unam
207 2775 323 2840 bonam
347 2775 566 2856 elemosinam,
590 2777 731 2862 legatam
754 2798 811 2861 per
833 2776 996 2840 dominum
1019 2773 1237 2854 lantgravium

91 2880 125 2944 de
149 2879 264 2944 Bassia
277 2877 301 2956 ¹,
334 2881 491 2966 adquam
515 2903 570 2946 vos
605 2903 664 2966 ego
686 2882 758 2946 volo
782 2902 981 2966 promovere,
1014 2877 1061 2965 [p.
1086 2878 1143 2960 82]
1168 2899 1239 2940 cum

91 2987 178 3049 nobis
195 2985 341 3051 dominus
357 2985 446 3050 dabit
462 2987 601 3070 gratiam
613 2987 841 3071 repatriandi«.
866 2985 907 3050 Et
923 3007 994 3050 oum
1011 2984 1071 3048 hoo
1087 2981 1239 3060 audirem,

93 3090 205 3155 revixit
227 3091 360 3174 spiritus
382 3113 479 3172 meus,
504 3096 536 3156 et
558 3113 612 3156 cor
635 3113 737 3156 meum
763 3114 819 3176 pre
842 3091 958 3174 gaudio
974 3089 1075 3154 erexit
1097 3109 1130 3153 se
1153 3087 1240 3150 intra

92 3217 148 3274 me,
170 3201 269 3280 atque
284 3197 441 3262 dicebam:
467 3194 618 3262 »Utinam
642 3196 701 3262 hoc
723 3202 831 3281 posset
853 3196 957 3260 fierit«
996 3194 1037 3257 Et
1056 3192 1159 3257 dimisi
1183 3192 1238 3256 do·

92 3301 210 3366 minum
235 3301 406 3384 prefatum,
429 3304 569 3387 dansque
590 3325 642 3367 me
664 3303 703 3367 ad
727 3301 904 3367 orationem
928 3300 1051 3364 dicens:
1085 3296 1240 3362 »Domine

657 3425 674 3457 11

160 3519 173 3572 l
196 3518 272 3572 Auch
292 3519 376 3574 Fabri
394 3519 415 3584 I,
434 3520 682 3589 242113880031,
701 3519 765 3576 dass
784 3537 811 3590 p.
824 3517 928 3573 Paulus
947 3517 1001 3572 den
1019 3515 1173 3570 dolmetsch
1193 3531 1240 3585 ge·

91 3605 182 3662 macht
210 3605 268 3661 und
295 3623 325 3662 er
352 3607 402 3662 ihu
432 3625 480 3662 um
507 3607 642 3672 auahrmlt
672 3607 787 3678 gefragt
815 3607 896 3663 habe.
992 3603 1090 3659 2111οε
1108 3621 1167 3658 war
1185 3602 1234 3656 der

93 3693 227 3764 landgraf
244 3695 376 3749 Heinrich
395 3695 442 3761 Ill,
470 3696 540 3762 aohn
560 3695 690 3766 Ludwigs
719 3697 767 3750 des
786 3695 968 3758 friedsamen,
996 3693 1083 3748 welch
1110 3693 1240 3746 letzterer

95 3783 156 3838 1429
174 3782 238 3837 eine
255 3781 428 3852 pilgerfahrt
444 3783 487 3837 ius
506 3783 545 3838 hl.
559 3783 629 3839 land
643 3785 858 3840 unternommen
871 3781 931 3836 hat.
959 3779 1043 3837 1111111.
1056 3781 1083 3834 d.
1096 3779 1165 3850 pilg.
1180 3778 1239 3832 121.

96 3867 220 3924 Heinrich
238 3869 279 3922 111
299 3868 422 3939 regierte
440 3887 495 3925 von
510 3869 577 3924 1458
596 3889 633 3924 an
646 3871 818 3926 Oberhessen
837 3869 894 3924 und
909 3869 1065 3925 bbernahm
1084 3865 1158 3920 nach
1175 3865 1239 3918 dem

96 3958 153 4014 toda
182 3957 272 4013 asinea
302 3958 419 4013 bmders
441 3958 556 4029 Ludwig
576 3959 603 4013 Il
623 3959 689 4014 1411
710 3961 780 4014 auch
808 3959 854 4014 die
873 3952 1180 4014 vermundaobaltliche
1198 3969 1239 4004 re-

96 4045 209 4116 giarung
228 4047 298 4100 uber
317 4045 519 4102 Niedsrhessen
537 4047 582 4101 1111
601 4047 675 4102 seina
694 4047 795 4102 beiden
812 4044 904 4101 neffen
918 4043 1078 4098 Wilbelml
1096 4040 1157 4111 (der
1171 4038 1238 4092 1491

96 4131 248 4200 gleichfalle
267 4134 298 4187 in
316 4133 462 4188 Palestina
479 4152 546 4189 war.
576 4133 659 4190 Rbhr.
679 4132 711 4189 D.
731 4133 800 4204 pilg.
822 4133 883 4204 185)
902 4133 960 4187 und
979 4129 1113 4184 Wilhelm
1132 4125 1166 4178 11.
1204 4123 1239 4177 Er

31 4259 32 4287 ,
95 4221 168 4276 rtarb
186 4239 234 4276 am
254 4223 287 4276 13
305 4219 369 4274 Jan.
390 4219 465 4276 1483.
503 4221 550 4275 »In
579 4222 683 4276 seinem
710 4221 816 4276 letaten
835 4219 940 4274 Willen
960 4216 1095 4284 vergabte
1113 4229 1143 4266 er
1162 4210 1239 4264 acht-

95 4307 284 4363 sehnhundert
302 4307 413 4362 Golden
432 4323 469 4362 an
487 4307 533 4364 die
551 4307 672 4363 Kircbsn
700 4326 734 4362 zu
753 4306 902 4376 harburg,
932 4304 976 4358 die
995 4301 1054 4355 vier
1073 4297 1239 4369 geietlichen

94 4393 239 4450 0111011111
258 4393 356 4450 Iande
374 4435 381 4450 .
402 4437 407 4450 .
426 4434 433 4448 .
452 4435 459 4452 .
478 4396 536 4451 und
554 4415 617 4451 zum
636 4395 674 4451 hl.
693 4395 812 4451 Grabe.«
850 4391 987 4456 Rommel,
1006 4385 1171 4443 Geschiohte
1185 4401 1239 4440 von

95 4481 203 4538 11011011.
240 4481 600 4548 8011011829.1110,79.

160 4587 320 4634 scamnum.
1043 4565 1083 4634 12
