3056 4944
771 322 834 389 152

230 498 444 564 »Dulcissimo
465 519 501 563 ec
516 498 657 582 pijssime
674 498 781 562 lhesu!
807 502 842 561 tu
866 499 925 562 scis
941 499 1065 575 omuie3
1089 502 1125 563 tu
1147 501 1216 580 scis,
1241 523 1303 585 qua
1326 503 1376 566 in-

225 605 368 670 tentione
401 625 508 669 sumus
540 605 572 667 in
606 604 665 668 hec
698 605 876 688 periculoso
900 605 961 669 vio.
1008 603 1122 669 Nonne
1156 604 1283 670 domine
1317 629 1377 691 pro

226 709 320 774 laude
342 715 408 788 tua,
432 731 537 774 nonne
559 730 618 792 pro
642 709 886 774 confirmatione
908 710 980 774 fidei
1004 709 1167 786 catholice,
1191 732 1295 775 noune
1317 734 1377 795 pro

226 814 345 880 honore
380 822 508 880 tuorum
536 815 789 898 patriarcharum
828 820 860 878 et
896 836 957 898 pro
988 814 1184 898 experientia
1215 837 1377 882 sacrarum

226 919 506 1003 scripturarumt¹
550 918 600 983 Ne
623 919 826 1003 derelinques
851 940 918 999 nos,
943 941 982 984 ne
999 919 1106 984 trudes
1129 941 1185 983 nos
1208 920 1240 984 in
1263 943 1377 985 monus

228 1023 404 1090 infidelium
429 1029 561 1109 propter
584 1027 715 1108 peccata
737 1047 825 1104 mea,
849 1024 925 1088 licet
950 1024 1100 1104 demerui,
1122 1025 1174 1088 sed
1198 1025 1248 1089 fac
1270 1025 1377 1090 nobis·

228 1151 300 1194 cum
322 1130 494 1194 secundum
517 1133 606 1194 tuom
629 1131 789 1194 infinitam
816 1131 1081 1212 misericordiam!
1118 1128 1214 1208 Asta,
1244 1134 1378 1214 protege

227 1238 259 1299 et
282 1235 385 1318 dirige
408 1236 492 1300 viem
524 1239 557 1300 et
589 1257 646 1300 nos
670 1236 878 1320 pauperculos
910 1235 1055 1300 homines
1087 1239 1120 1298 et
1148 1235 1283 1299 lornulos
1305 1239 1378 1300 tuos

230 1339 263 1403 in
288 1361 364 1422 pace
386 1345 419 1404 et
442 1343 667 1424 prosperitate!
702 1340 763 1406 Vel
785 1343 812 1406 si
835 1341 993 1425 placuerit
1008 1340 1137 1406 omuino
1160 1361 1217 1404 nos
1239 1341 1378 1405 incidere

227 1466 340 1509 monus
363 1445 565 1511 inimicorum
587 1452 726 1525 tuorum,
749 1446 790 1510 dc
812 1446 903 1510 nobis
920 1467 1027 1510 veram
1045 1445 1242 1528 patientiam,
1266 1450 1298 1509 et
1320 1447 1378 1510 fiet

226 1552 375 1616 voluntas
407 1554 503 1616 suar«
550 1552 591 1616 Et
618 1552 768 1616 subiunxi
791 1551 900 1635 alique
923 1549 1019 1615 Peter
1042 1551 1149 1614 noster
1180 1552 1212 1612 et
1234 1550 1376 1614 commisi

227 1677 284 1720 nos
317 1661 349 1719 et
378 1657 485 1720 omnic
517 1657 584 1722 deo.
630 1655 703 1741 lpse
725 1678 800 1722 vero
823 1655 1107 1733 clementissimus,
1141 1676 1204 1719 non
1237 1653 1378 1734 dubium,

228 1762 334 1825 astitit
356 1761 448 1826 nobis
470 1783 526 1826 sue
549 1763 655 1848 gretie
679 1767 711 1827 ct
726 1761 956 1839 misericordia,
982 1761 1146 1844 tacuitque
1165 1759 1272 1823 asinus
1290 1779 1379 1823 meus

230 1866 357 1945 deinde,
390 1871 422 1931 et
443 1888 593 1952 prospere
627 1868 758 1934 fecimus
783 1868 887 1947 vium,
920 1867 996 1931 licet
1030 1865 1176 1930 nonnulli
1200 1864 1317 1948 pagani
1339 1864 1378 1928 de

230 1971 348 2036 nostris
371 1972 669 2037 trutzsthelmennis
701 1995 773 2036 cum
796 1994 905 2037 eorum
928 1971 1059 2036 cabellis
1081 1971 1221 2034 facerent
1252 1989 1341 2032 cesus
1354 1966 1378 2032 ¹.

228 2076 270 2140 Et
304 2077 337 2140 in
361 2099 492 2158 eurora,
530 2079 605 2143 dum
628 2078 731 2142 lucem
753 2078 923 2142 habuimus
948 2077 982 2159 [8
1007 2074 1135 2159 April]‚
1158 2073 1248 2158 quasi
1271 2093 1378 2136 omnes

229 2182 379 2246 dixerunt
403 2188 514 2248 contre
536 2206 603 2248 me:
628 2181 742 2247 >Certe
765 2183 872 2246 asinus
894 2186 998 2246 vester
1021 2180 1129 2264 posuit
1152 2199 1209 2242 nos
1230 2177 1269 2242 ed
1292 2177 1378 2260 peri·

229 2286 335 2350 culum
359 2291 391 2348 et
413 2287 560 2350 timorem
584 2309 767 2370 magnum«.
816 2287 857 2351 Et
880 2289 963 2352 circe
978 2286 1132 2349 decimam
1155 2283 1266 2347 horem
1290 2281 1376 2345 veni·

227 2412 297 2454 mus
332 2391 516 2470 adlocum,
550 2391 604 2456 ubi
629 2391 732 2456 Adam
766 2395 798 2455 et
821 2391 886 2454 Eva
917 2389 1062 2454 fecerunt
1088 2387 1298 2472 penitentiam
1320 2407 1378 2469 per

228 2499 355 2559 centum
377 2517 477 2560 annos
500 2497 531 2560 in
555 2519 619 2560 une
633 2497 796 2579 spelunca,
820 2519 915 2580 quem
937 2494 1022 2559 omni
1046 2493 1095 2558 die
1118 2491 1297 2575 perplures
1321 2491 1377 2555 ho·

228 2619 280 2663 ras
294 2600 496 2664 intraverunt
512 2605 543 2665 et
561 2607 688 2666 orentes
698 2601 893 2686 planxerunt
909 2601 1034 2684 lapsum
1051 2605 1082 2664 et
1094 2597 1377 2682 transgressionem

230 2705 369 2770 mandeti
386 2707 446 2770 dci.
485 2706 527 2770 Et
541 2707 713 2772 concordat
730 2708 884 2790 magister
901 2707 933 2770 in
950 2705 1086 2770 historie
1102 2703 1267 2768 scolastice
1282 2723 1378 2787 super

231 2811 247 2874 1
273 2809 386 2874 Genes.
411 2811 431 2873 4
453 2812 614 2895 capitulo:
640 2812 818 2896 »Cognovit
833 2813 936 2878 Adam
960 2832 1088 2876 uxorem
1113 2831 1203 2873 suem
1226 2809 1331 2872 dicens
1346 2806 1377 2883 ³3

230 2915 305 2999 quie
327 2914 415 2980 locus
449 2916 526 2997 iste,
560 2918 593 2981 in
618 2941 681 3003 quo
705 2919 871 2998 luxerunt,
904 2918 1022 2982 dicitur
1044 2915 1140 2980 vallis
1163 2913 1377 2978 lacrimarum.

229 3019 303 3085 Non
327 3021 422 3105 longe
446 3025 493 3086 est
513 3021 534 3087 ‘c
557 3023 639 3088 velle
662 3022 780 3101 ldbmn,
803 3045 875 3087 nem
900 3023 984 3087 solus
1007 3042 1097 3086 mons
1122 3020 1255 3082 interest
1268 3018 1291 3081 ⁴.
1338 3016 1379 3080 Et

794 3184 811 3214 f

301 3275 311 3324 l
338 3271 432 3326 Dieser
449 3271 638 3343 beweggrund
657 3291 706 3327 eur
729 3273 899 3344 pilgerreise,
918 3273 967 3327 der
977 3271 1129 3342 jedenl'alls
1147 3269 1226 3324 nicht
1244 3268 1310 3326 bloll
1329 3270 1382 3323 eul

230 3357 362 3412 Wolther
379 3358 499 3414 sondern
518 3361 618 3428 (neben
632 3361 755 3416 anderen
768 3361 908 3432 grlinden)
928 3359 1001 3416 cuch
1020 3360 1072 3414 aul
1083 3358 1155 3414 risle
1167 3357 1271 3412 andere
1288 3357 1379 3428 pilger

230 3443 417 3499 bestimmend
435 3445 598 3512 einwirkce,
627 3447 665 3502 ist
684 3467 737 3504 von
763 3447 846 3502 Rour.
867 3449 898 3501 D.
917 3446 985 3516 pilg.
1006 3451 1021 3501 5
1040 3447 1059 3500 l.
1088 3444 1240 3500 ubersehen
1260 3444 1379 3500 worden.

230 3533 247 3586 2
266 3531 311 3586 Sie
330 3535 456 3587 sturzten
476 3533 528 3588 mit
546 3534 625 3590 ihren
638 3536 771 3606 pferdenl
877 3537 893 3589 3
914 3535 993 3590 Diese
1012 3534 1093 3589 stelle
1111 3533 1149 3587 ist
1167 3535 1254 3588 etwas
1268 3531 1379 3586 unklor.

231 3619 287 3674 Dos
308 3622 323 3670 4
343 3618 453 3690 kapitel
473 3621 522 3676 der
535 3623 648 3678 Genesis
668 3625 801 3694 beginut:
822 3623 928 3678 »Adam
942 3641 1007 3678 vero
1019 3621 1152 3692 cognovit
1170 3637 1285 3676 uxorem
1299 3635 1378 3673 suem

230 3708 353 3775 Herem
384 3725 456 3776 quse
475 3711 602 3780 concepit
631 3715 660 3766 et
678 3713 787 3783 peperit
805 3711 887 3776 (lain,
906 3711 1015 3767 dicens:
1044 3709 1153 3766 Possedi
1173 3707 1313 3764 hominem
1331 3725 1382 3777 per

230 3795 340 3852 deum«.
377 3793 440 3850 Von
458 3795 534 3850 einer
553 3795 626 3852 bulle
650 3799 754 3854 Adems
772 3798 831 3852 und
848 3799 920 3853 Eros
938 3799 976 3852 ist
994 3797 1033 3852 im
1046 3814 1154 3868 genuen
1173 3795 1280 3865 lepitel
1301 3795 1382 3850 keine

230 3883 305 3940 rede.
342 3883 377 3936 Es
395 3884 433 3938 ist
452 3886 524 3938 auch
544 3886 594 3938 dos
612 3885 684 3940 citet
696 3903 837 3955 ungenou,
856 3887 893 3940 do
912 3905 940 3942 es
953 3886 1094 3942 entweder
1115 3884 1209 3940 lldos.
1229 3883 1294 3939 oder
1313 3884 1380 3939 bloll

229 3971 299 4026 Gen.
319 3969 421 4025 heillen
440 3971 529 4026 sollte.
638 3975 656 4027 4
675 3972 754 4027 Diese
776 3973 860 4028 hchle
877 3973 948 4043 liegt
966 3975 1027 4028 eine
1039 3970 1380 4028 kleinestundentrdliclr

231 4077 286 4115 von
304 4059 417 4114 Hebron
437 4059 530 4126 (Hsrff
549 4061 595 4115 161
617 4059 674 4114 will
702 4058 742 4114 sie
763 4061 967 4130 ›snydeuertsc
997 4060 1118 4128 geschen
1145 4059 1248 4128 huben)
1275 4059 1305 4112 iu
1330 4058 1381 4114 der

231 4147 305 4201 nllhc
324 4147 373 4202 der
391 4147 491 4200 ruiuen
509 4147 557 4202 des
571 4148 675 4203 Herem
696 4148 796 4202 Remet
817 4147 960 4204 el-chalil.
997 4147 1103 4202 Bereits
1118 4145 1258 4200 Buscherd
1273 4143 1381 4213 Reyllb.

230 4235 282 4289 463
301 4235 430 4289 erwuhnt
448 4233 496 4299 sie,
517 4234 602 4289 Fabri
616 4235 649 4300 ll,
663 4234 714 4289 348
734 4233 889 4290 beschreibt
906 4234 945 4291 sie
956 4233 1122 4305 gleichlells.
1160 4233 1215 4288 Des
1231 4233 1381 4288 »thrones-

135 4383 138 4390 Ᾰ
232 4321 310 4376 thel«
330 4322 379 4392 leg
399 4341 445 4377 om
464 4321 530 4378 fulls
558 4323 605 4378 des
627 4321 727 4392 hligels
745 4323 797 4377 wie
815 4321 899 4377 Fabri
924 4321 1020 4377 ebend.
1041 4321 1165 4391 engiebt.
1202 4319 1382 4386 Queresmius

230 4409 358 4464 erwllhnt
376 4409 421 4464 die
440 4410 524 4465 hdhle
542 4411 628 4464 nicht.
