3056 4944
654 337 716 402 125

103 533 178 576 rum
201 513 533 598 est‚ymoporpetua
557 515 722 578 moreest.
769 508 978 576 comantem
1011 509 1056 575 sic
1087 509 1120 574 in
1145 508 1262 575 dilecto

105 615 202 682 Ibesn
226 637 296 682 meo
317 615 490 682 actitabam
514 616 551 680 ad
574 615 703 700 aliquod
727 620 863 700 tempus,
887 615 998 680 reduxi
1022 616 1261 681 admemoriam

106 743 193 788 meos
217 721 370 807 speciales
395 719 613 786 benefactores
644 727 676 786 et
700 719 929 786 benefactrices
961 741 1083 786 necnon
1119 727 1150 786 at
1184 721 1264 786 alios

106 827 188 892 mihi
211 827 396 912 specialiter
412 825 607 906 commissos,
631 829 667 890 ut
690 825 803 891 saltem
820 825 947 911 aliquod
973 827 1088 891 bonum
1113 847 1171 911 pro
1195 827 1261 890 sin-

105 933 193 1018 gulis
217 933 252 998 in
275 933 380 1018 specie
403 932 549 998 facerem.
595 931 711 1016 Repeti
735 933 821 997 iuter
843 937 965 997 ceteros
987 955 1085 998 unum
1104 933 1123 1012 ¹,
1147 932 1202 1016 qui
1226 953 1263 995 ex

104 1058 162 1102 sua
179 1039 335 1103 memoria
359 1037 437 1102 mibi
454 1037 597 1121 prestitit
612 1037 794 1120 angustiam
811 1038 916 1103 cordis
938 1040 971 1102 et
987 1057 1162 1102 remorsum
1186 1059 1262 1102 cou-

104 1145 252 1224 scientia,
274 1145 391 1208 timens
415 1164 465 1208 me
487 1163 550 1207 non
566 1143 756 1208 satisfecisse
775 1143 858 1227 apud
875 1144 966 1208 deum
992 1148 1025 1208 et
1040 1143 1165 1227 ipsum;
1189 1165 1262 1207 nam

104 1248 139 1312 in
163 1269 224 1313 sno
249 1269 366 1332 magno
387 1248 531 1332 periculo
555 1253 587 1314 et
610 1270 717 1314 errore
748 1249 787 1314 ad
810 1271 860 1314 me
884 1271 941 1334 pre
964 1249 1077 1314 ceteris
1100 1249 1260 1314 confiden-

105 1354 233 1419 tissime
256 1354 410 1419 confluxit
444 1359 476 1418 et
498 1354 617 1419 eiulatu
641 1375 759 1440 magno
794 1361 825 1420 et
855 1355 994 1420 lacrimis
1026 1355 1137 1419 multis
1171 1375 1263 1419 ame

105 1459 307 1524 adiutorium
331 1463 363 1523 ct
385 1459 551 1524 consilium
568 1460 738 1544 flagitavit,
762 1480 799 1524 ac
820 1480 854 1524 se
877 1460 954 1524 meis
971 1459 1111 1524 consiliis
1135 1460 1263 1543 penitus

106 1565 257 1631 subiecit.
305 1564 345 1628 Et
368 1566 444 1630 licet
459 1565 627 1630 videbatur
650 1565 739 1644 mihi,
763 1565 847 1650 quod
869 1570 946 1630 tnnc
960 1564 1102 1629 iecissem
1121 1565 1262 1630 debitum

107 1692 215 1736 meum
240 1669 395 1734 tradendo
419 1669 554 1736 formam
572 1672 734 1751 evadendi,
758 1671 796 1736 de
819 1693 881 1756 qua
897 1671 1034 1735 habetur
1057 1691 1154 1754 supra
1175 1671 1263 1748 folin,

106 1781 216 1839 tamen
242 1776 436 1840 conscientia
458 1798 543 1841 nunc
567 1776 752 1841 stimulatus
775 1797 834 1860 pro
857 1798 908 1854 eo,
933 1777 1015 1860 quod
1040 1797 1101 1839 non
1127 1776 1263 1839 remansi

106 1881 193 1964 apud
218 1879 341 1962 ipsum,
372 1880 472 1946 donec
502 1881 651 1946 exivisset
681 1885 799 1945 statum
833 1902 923 1944 suum
952 1879 1264 1963 periculosissimum,

108 1991 141 2050 et
165 1985 213 2049 ibi
237 1985 321 2050 forte
344 1986 444 2050 maius
468 1991 596 2071 gratum
631 1987 750 2051 bonum
773 1986 915 2050 fecissem
949 2006 1052 2050 coram
1078 1985 1152 2062 deo,
1183 1985 1262 2047 libe-

108 2111 184 2154 rare
206 2089 305 2154 talem
329 2091 488 2170 animam,
512 2113 572 2175 qne
596 2112 653 2174 per
676 2091 718 2154 24
741 2111 841 2154 anuos
863 2089 953 2173 prius
977 2089 1009 2152 in
1033 2088 1124 2153 fauce
1147 2087 1263 2152 diaboli

108 2201 141 2260 et
164 2197 200 2258 in
224 2196 350 2279 magnis
373 2197 524 2279 periculis
549 2197 668 2281 absque
690 2195 885 2260 confessione
908 2200 941 2259 et
963 2193 1035 2258 aliis
1059 2193 1265 2257 sacramentis

110 2300 215 2385 ligata
238 2301 421 2384 permansit.
472 2301 512 2366 ni
533 2303 579 2367 sic
604 2301 742 2366 multum
769 2301 939 2385 perplexus
962 2321 1021 2384 pro
1046 2320 1081 2363 eo
1104 2299 1168 2363 dixi
1186 2298 1262 2362 mis·

109 2427 178 2468 sam
199 2423 317 2489 rogans
334 2404 426 2468 denm
442 2407 562 2486 devote,
585 2407 618 2469 in
635 2410 789 2490 quantum
806 2405 907 2488 potui,
932 2411 967 2468 ut
984 2403 1062 2468 mihi
1080 2403 1260 2488 indulgeret

109 2508 365 2593 negligentiam,
388 2509 415 2573 si
438 2511 546 2595 aliqua
569 2517 651 2574 esset
673 2533 710 2574 ex
734 2515 826 2594 parte
848 2532 934 2589 mea,
969 2516 1002 2574 et
1025 2531 1095 2574 eum
1122 2508 1263 2574 indelate

111 2616 275 2678 reduceret
298 2613 337 2678 ad
359 2620 478 2679 statum
502 2615 607 2700 gratie
630 2616 722 2680 etad
746 2615 847 2694 ovile,
884 2617 921 2680 de
946 2637 1009 2700 quo
1034 2623 1071 2678 nt
1094 2614 1262 2679 malivolus

109 2715 285 2803 appositar'
309 2719 467 2784 exivisset.

200 2823 242 2888 llt
257 2823 367 2888 atatim
384 2825 529 2889 dominus
543 2824 632 2889 dedit
642 2825 856 2910 peregrinum,
871 2827 1044 2891 notabilem
1061 2825 1261 2901 Alamanum,

109 2947 301 3013 generosum
325 2929 485 2994 dominum
510 2928 748 3012 Sigismundnm
782 2932 820 2996 de
846 2931 1000 3016 Bolhaym
1032 2933 1070 2995 de
1094 2931 1227 2995 Austris
1243 2927 1265 3008 ³,

110 3033 240 3098 ueniens
255 3057 328 3100 curn
350 3035 462 3099 ceteris
485 3036 523 3100 de
539 3040 650 3100 sancta
666 3034 842 3100 Katberinn
865 3037 904 3100 ad
928 3035 1132 3115 [herusalem
1156 3035 1265 3100 volens

111 3141 262 3223 navigare
285 3159 394 3203 versus
410 3137 588 3206 Venetiam.
635 3141 676 3205 Et
698 3163 756 3226 ego
774 3141 886 3206 volens
909 3163 1079 3206 exonerare
1102 3141 1263 3206 conscien-

110 3246 190 3310 tiam
205 3266 318 3322 moam‚
340 3245 460 3310 confeci
477 3245 632 3329 scriptum
655 3247 689 3310 in
715 3247 861 3310 terminis
877 3246 972 3310 tertie
988 3267 1122 3330 persone
1146 3252 1178 3311 et
1194 3247 1265 3311 misi

111 3371 168 3433 per
190 3350 334 3415 eundem.
381 3349 477 3415 Cuius
492 3351 605 3434 scripti
629 3356 720 3416 tenor
737 3353 883 3438 sequitur
905 3357 938 3416 et
961 3357 1009 3416 est
1031 3353 1123 3417 talis:
1149 3353 1263 3418 »Viam

110 3477 182 3520 cum
206 3457 311 3520 salute
333 3457 495 3540 perficere,
519 3457 737 3523 dulcissimum
759 3457 897 3538 Ibesum‚
921 3457 1059 3522 Mariam
1083 3463 1116 3524 et
1136 3464 1263 3552 sanctos

681 3613 701 3648 ἥ

181 3719 195 3773 1
215 3715 282 3788 Vgl.
302 3717 373 3774 oben
393 3736 414 3776 s.
432 3721 467 3776 45
485 3719 505 3774 f.
585 3720 602 3774 2
626 3719 701 3775 Musa
718 3721 793 3777 wohl
812 3721 938 3792 apposite
957 3719 1071 3788 heissen3
1097 3719 1164 3776 oder
1182 3719 1219 3774 ist
1238 3735 1265 3774 es

112 3805 392 3862 corruscationes
411 3807 457 3861 scr
470 3809 625 3878 apostata?
698 3811 714 3863 3
734 3799 808 3865 liber
821 3811 915 3866 diesen
930 3809 1031 3880 pilger,
1050 3809 1146 3863 dassen
1161 3807 1266 3876 pilger-

111 3892 189 3948 lahrt
206 3892 259 3948 wir
279 3893 349 3949 anch
375 3912 428 3948 nur
454 3911 504 3949 ans
522 3911 649 3952 unserem
669 3897 791 3952 berichte
812 3897 939 3962 tannen,
968 3897 1061 3952 lohlen
1089 3895 1143 3950 mir
1162 3895 1265 3948 uthere

110 3979 251 4050 angaban.
289 3979 341 4034 Ein
359 3979 485 4036 Wiclrert
505 3981 641 4038 Bollheim
660 3983 748 4037 findet
773 3982 830 4038 sich
853 3984 918 4040 1491
939 3987 991 4040 aul
1007 3985 1070 4038 dem
1090 3981 1214 4038 turniare
1232 3980 1264 4035 in

110 4066 273 4121 lnnsbruclr.
311 4066 394 4122 aoht.
413 4069 523 4124 Maisan.
543 4069 573 4126 ll.
593 4070 663 4140 pilg.
685 4071 744 4125 244.
785 4071 835 4127 Die
854 4073 1028 4142 pilgerfahrt
1054 4089 1089 4126 an
1111 4071 1163 4125 den
1185 4067 1265 4122 Sinai

110 4155 205 4210 vnrda
217 4153 394 4224 gawbbnlicb
412 4159 470 4210 erst
488 4157 559 4210 nach
579 4157 641 4212 darn
661 4157 781 4213 basnche
799 4158 847 4214 des
867 4159 904 4216 hl.
921 4159 1019 4214 landes
1036 4161 1265 4220 nuternommen;

110 4241 207 4311 jedocb
226 4242 266 4296 ist
285 4239 421 4296 Bollbaim
440 4243 519 4298 nicht
545 4243 594 4298 der
612 4245 721 4315 einnigs
740 4245 831 4315 pilgar
859 4263 909 4300 ans
928 4247 1019 4302 dieser
1046 4245 1115 4306 seit,
1143 4244 1192 4297 dor
1211 4244 1264 4298 den

112 4329 316 4398 umgelrebrton
336 4345 397 4400 weg
423 4331 584 4402 ainschlug‚
611 4333 685 4388 dann
705 4335 845 4399 Ghistsle,
873 4334 967 4396 Harff.
987 4332 1181 4400 Baumgarten
1208 4331 1265 4385 und

113 4414 204 4487 Georg
223 4417 356 4474 machtau
375 4417 523 4476 desselben
542 4437 612 4490 wag.
653 4421 718 4491 Vgl.
739 4421 821 4476 liobr.
844 4423 874 4480 D.
894 4421 966 4491 pilg.
985 4419 1047 4486 201,
1065 4420 1124 4474 222.
