3056 4944
642 356 702 418 123

91 531 127 594 ad
152 529 364 608 voluntalem,
389 529 525 594 offerens
547 552 598 593 me
620 531 658 594 ad
679 531 891 596 obedientiam
916 529 1043 614 prelati,
1066 530 1098 592 in
1123 530 1245 593 cunctis

90 636 222 700 obedire
250 639 287 698 nt
309 637 417 699 ceteri.
464 633 506 699 ΕΙ
536 635 582 699 sic
604 641 766 719 assumpto
800 637 833 701 in
857 637 1049 702 confratrem
1073 639 1246 700 conventus
1317 697 1324 710 ,

92 765 110 804 a
132 741 273 826 prelato,
296 741 351 806 fixi
369 741 479 824 pedem
504 763 607 804 meum
624 741 760 804 firmiter
782 742 820 806 ad
838 741 1019 826 religiosum
1044 743 1076 804 et
1099 742 1245 805 devotum

93 851 288 910 conventum
313 846 431 908 montis
453 843 557 930 Syon,
580 845 635 910 ubi
658 847 849 911 sanctissimi
874 848 967 932 pedes
991 846 1110 911 domini
1140 869 1176 911 ac
1199 848 1245 910 di·

96 952 264 1017 lectissimi
280 952 426 1034 magistri
450 953 513 1015 mei
528 954 697 1030 steterunt,
720 963 752 1016 et
777 953 830 1018 ubi
854 953 936 1017 idem
952 973 1092 1016 summus
1115 973 1170 1014 rex
1186 951 1245 1015 celi

92 1061 123 1120 et
148 1063 256 1134 terre,
287 1057 364 1120 deus
387 1062 419 1120 et
441 1055 554 1136 homo,
575 1057 743 1122 humilima
774 1059 840 1122 suis
863 1058 1027 1140 discipulis
1050 1058 1144 1141 pedes
1166 1055 1247 1122 lavit

93 1169 124 1227 et
146 1163 290 1246 seipsum
316 1167 353 1226 ut
375 1162 547 1226 altissimus
570 1163 713 1228 sacerdos
736 1165 796 1228 sub
818 1164 922 1247 specie
944 1163 1037 1246 panis
1064 1166 1097 1225 ct
1118 1161 1184 1226 vini
1209 1183 1247 1224 ex

91 1267 212 1332 intimo
236 1267 361 1332 fervore
377 1268 520 1332 caritatis
536 1267 751 1332 infallibiliter
774 1268 895 1334 obtulit
918 1273 951 1332 et
974 1267 1018 1331 eis
1041 1268 1074 1331 in
1097 1267 1147 1330 die
1163 1265 1245 1329 Pen-

93 1373 257 1438 thecostes
290 1372 407 1436 ibidem
441 1372 474 1436 in
499 1373 619 1456 linguis
654 1374 757 1456 igneis
779 1374 927 1456 spiritum
952 1378 1097 1437 sanctum
1122 1371 1209 1435 misit
1223 1371 1245 1436 ¹.

91 1476 160 1542 Heu
185 1478 333 1562 cogitans
356 1479 507 1562 proposui
530 1478 665 1542 firmiter
687 1479 720 1542 in
742 1479 866 1558 animo,
899 1477 1036 1543 fideliter
1065 1478 1123 1542 deo
1146 1475 1245 1540 medi-

92 1583 284 1661 tationibus,
302 1583 510 1662 orationibus,
531 1584 666 1663 ieiuniis,
682 1585 896 1660 abstinentiis,
912 1583 1042 1667 vigiliis,
1059 1581 1245 1665 disciplinis,

92 1687 199 1751 missis
223 1692 257 1751 et
279 1688 469 1753 obedientiis
499 1711 536 1754 ac
558 1690 631 1754 aliis
655 1691 746 1755 bonis
768 1691 918 1774 operibus
949 1693 982 1753 et
1012 1688 1134 1754 devotis
1157 1709 1246 1751 excr-

92 1793 181 1857 citiis
198 1793 319 1856 servire
343 1799 375 1857 et
391 1794 531 1859 finaliter
553 1795 659 1859 omnia
674 1799 835 1880 patienter
859 1795 952 1873 ferre,
977 1815 1038 1878 que
1060 1793 1128 1877 ipsc
1146 1791 1247 1857 dulcis

92 1895 206 1962 lbesus
231 1918 290 1981 pro
320 1919 377 1961 sua
400 1899 491 1963 laude
514 1901 762 1984 supermitteret.
808 1899 930 1966 Saltem
963 1904 999 1963 ut
1021 1899 1089 1982 ipse
1112 1896 1191 1962 mibi
1215 1901 1247 1960 et

91 2002 244 2066 omnibus
260 2001 516 2068 benefactoribus
532 2006 609 2069 meis
625 2011 657 2069 et
672 2005 852 2089 specialiter
870 2005 941 2082 hiis,
959 2004 1014 2088 qui
1031 2003 1109 2067 mihi
1127 2003 1159 2066 in
1176 2024 1246 2086 spe·

92 2108 166 2172 ciali
178 2108 337 2172 commissi
349 2114 464 2188 esseut,
477 2132 540 2175 uon
552 2111 721 2175 actualiter
730 2112 782 2176 sed
794 2110 1008 2194 spiritualiter
1017 2110 1112 2193 pedes
1122 2114 1248 2172 nostros

92 2215 114 2277 i.
138 2235 165 2280 e.
190 2234 303 2278 omnes
318 2213 485 2279 interiores
508 2216 691 2280 affectiones
707 2225 832 2282 nostras
848 2216 1048 2280 deordinatae
1072 2218 1104 2278 et
1120 2213 1248 2278 vitiosas

93 2317 205 2382 lavare
229 2323 262 2382 et
287 2319 439 2384 mundare
461 2325 493 2384 et
516 2321 587 2386 dein
612 2323 745 2387 mundos
761 2343 956 2400 conservare,
980 2326 1011 2384 ct
1026 2319 1164 2403 seipsum
1188 2318 1247 2382 sub

93 2423 201 2507 specie
225 2423 317 2506 panis
334 2427 607 2492 sacramentaliter
622 2427 713 2492 nobis
736 2428 768 2491 in
789 2429 857 2492 rita
879 2427 958 2491 etin
976 2425 1089 2492 mortis
1111 2426 1247 2490 articulo

92 2529 210 2594 offerre
244 2533 278 2594 et
300 2531 438 2613 gratiam
473 2533 574 2598 sancti
598 2533 731 2616 spiritus
762 2534 794 2597 in
818 2533 959 2617 presenti
983 2531 1157 2595 miserabili
1180 2531 1248 2595 vita

94 2636 225 2699 mittere
249 2639 281 2698 ct
304 2634 441 2718 gloriam
474 2637 702 2720 sempiternam
725 2638 758 2700 in
782 2637 891 2701 futuro
914 2659 1027 2720 parare
1049 2637 1245 2719 dignaretur.

183 2738 296 2805 Socina
320 2761 447 2826 quoque
471 2763 568 2822 meus,
591 2741 692 2806 frater
713 2741 876 2808 Jolrannes
900 2741 998 2822 wila,
1023 2763 1114 2826 quem
1139 2745 1246 2806 aucto-

94 2848 193 2912 ritate
215 2846 393 2929 apostolica
416 2851 449 2911 et
470 2848 601 2931 speciali
626 2843 828 2913 confidentia¹
845 2849 949 2932 accepi
985 2852 1081 2931 atque
1104 2847 1247 2928 perduxi,

94 2953 205 3017 statim
229 2951 263 3014 in
279 2952 376 3016 maris
391 2952 532 3018 fortunis
548 2954 669 3038 incepit
689 2959 812 3020 mutare
828 2957 966 3020 mentem
983 2951 1087 3017 standi
1112 2952 1144 3014 in
1162 2955 1247 3014 terra

96 3061 226 3136 sancta,
252 3056 326 3122 licet
350 3058 540 3142 promiserat
562 3059 642 3124 mihi
666 3059 756 3143 prius
778 3081 905 3123 manere
928 3080 1067 3136 mecum,
1100 3058 1176 3141 quia
1197 3056 1247 3120 iu-

172 3218 184 3270 1
207 3215 269 3269 Den
289 3213 453 3285 schouplatz
481 3214 551 3270 aller
578 3165 836 3285 dieserlsreignissa
855 3215 965 3284 verlegt
984 3213 1107 3269 ntmlich
1127 3212 1171 3268 die
1190 3213 1248 3266 tra·

97 3301 190 3358 dition
209 3301 262 3356 aui
279 3300 332 3356 dea
351 3301 423 3370 berg
440 3301 513 3357 Sion.
551 3300 647 3372 Gegen
666 3301 710 3356 die
730 3319 783 3357 von
803 3301 878 3356 allen
899 3301 1007 3357 litteren
1021 3301 1163 3357 forachem
1181 3301 1248 3356 fest·

98 3389 252 3459 gehaltene
269 3387 407 3443 identittt
424 3388 472 3445 des
490 3389 703 3446 traditionellen
722 3390 788 3446 Sion
815 3389 869 3444 mit
895 3389 959 3444 dem
977 3390 1045 3445 bibl.
1065 3389 1132 3446 Zion
1153 3391 1247 3443 traten

98 3494 200 3533 uenere
220 3476 274 3532 auf
290 3475 344 3532 mit
362 3477 411 3532 der
422 3477 615 3548 behauptung.
636 3479 700 3534 dass
718 3478 770 3533 das
782 3478 852 3533 bibl.
864 3478 931 3534 Zion
951 3477 1003 3532 aul
1017 3477 1078 3532 dem
1091 3477 1163 3532 sudl.
1183 3477 1248 3533 teile

99 3565 145 3620 des
159 3565 351 3634 ttoriahfigels
363 3565 429 3620 oder
441 3565 651 3636 tempelbergas‚
665 3567 728 3622 dem
740 3565 839 3637 Ophel,
853 3584 886 3619 zu
899 3564 1000 3620 cuchen
1013 3566 1059 3630 sei,
1079 3565 1134 3619 und
1149 3565 1249 3620 ftihren

99 3655 142 3709 sar
159 3654 237 3709 dieas
256 3653 371 3708 anricht
388 3655 555 3724 gewichtige
573 3655 681 3724 grande
709 3655 753 3708 ins
779 3654 847 3710 feld.
883 3653 963 3708 Siehc
981 3653 1128 3708 besonders
1146 3650 1248 3706 ZDPV.

101 3741 133 3806 ll,
155 3740 380 3808 retiarium,
402 3743 450 3797 116
463 3742 506 3796 bia
521 3743 579 3808 177,
598 3760 640 3798 vro
651 3759 704 3799 ron
716 3742 801 3796 Altera
819 3741 864 3796 die
874 3741 1030 3810 aerlegung
1048 3741 1095 3796 des
1104 3739 1172 3794 bibl.
1182 3739 1249 3794 Zion

102 3830 211 3885 raideri
223 3829 377 3898 westbltgel
388 3829 442 3884 den
453 3830 469 3884 J
473 3829 545 3884 oden
554 3829 718 3894 aasehreibt,
736 3829 841 3884 welche
850 3829 921 3883 nach
932 3828 1011 3884 metr
1021 3830 1062 3882 als
1072 3825 1249 3896 200jthn'ger

101 3919 288 3986 verbannuug
308 3931 398 3985 gagen
419 3916 489 3972 ende
516 3917 563 3972 des
582 3917 708 3988 3jabrh.
728 3917 786 3971 sich
814 3917 878 3973 dort
897 3917 1069 3972 ansiedelten
1098 3913 1154 3968 und
1173 3911 1249 3966 ihrer

101 4007 321 4074 nicderlamung,
350 4021 397 4058 um
417 4004 561 4061 darselben
591 4007 672 4062 einen
690 4005 823 4077 gewissen
851 4005 935 4076 glana
963 4023 996 4058 aa
1023 4001 1164 4058 verleihen
1191 3998 1248 4052 und

99 4095 168 4150 anch
188 4093 235 4148 die
254 4111 292 4148 au
311 4091 378 4149 Zion
397 4091 570 4163 gelrnr'rplteu
590 4093 762 4163 boffnungen
781 4111 814 4148 au
833 4092 964 4160 beleben,
988 4093 1042 4148 den
1060 4105 1162 4144 aaaron
1181 4086 1249 4142 Zion

102 4182 202 4252 gabea.
238 4181 272 4235 D.
294 4179 408 4235 Klaiber
426 4181 533 4251 spricht
551 4181 608 4237 sich
627 4181 667 4236 im
680 4181 878 4238 wesentlichen
897 4183 997 4237 ebenso
1016 4195 1066 4233 aus
1083 4173 1185 4229 ZDPV.
1200 4174 1249 4238 ΙΙΙ,

101 4269 151 4324 189
162 4267 193 4323 ff.
212 4267 260 4333 ΙΙΙ,
282 4267 354 4321 1811.
390 4265 469 4335 eata,
487 4267 566 4324 laath.
579 4271 689 4341 pfarrer
701 4271 731 4324 in
744 4269 828 4334 Gaza,
841 4267 989 4338 bakbmpt't
1002 4265 1031 4319 in
1045 4264 1094 4318 der
1106 4259 1249 4329 Titbinger

99 4357 184 4414 theol.
203 4355 422 4427 quartalschrilt
442 4359 508 4413 1884
527 4375 548 4414 a.
567 4359 602 4414 84
621 4349 1154 4422 11184111ιιιιῑειειιιιηςοιικιώοη,
1175 4349 1249 4404 nach

99 4445 179 4503 &cin
199 4443 306 4502 ZDPV.
325 4443 400 4512 vm,
418 4445 470 4502 323
488 4445 555 4501 aber
573 4445 654 4501 nicht
672 4445 726 4502 mit
745 4442 977 4516 itbcraangenden
996 4438 1131 4510 grttnden.
