3054 4944
639 343 703 408 2⁷5

86 522 231 607 prestitit
254 521 332 585 mihi
350 522 473 586 tentem
489 519 698 596 devotionem,
722 519 805 602 quod
830 518 884 582 vix
906 539 976 584 sem
993 519 1070 583 setis
1085 519 1241 604 inspicere

87 627 177 711 potui
199 629 234 690 et
248 625 419 691 oseulendo
441 631 474 689 et
488 625 650 711 tangendo
665 623 856 688 mirabiliter
871 630 1031 688 recreatus
1045 645 1127 688 enm.
1162 622 1240 690 Bef-

88 731 196 796 ferunt
219 730 316 794 etiem
345 730 401 795 elii
424 729 528 796 ineole
550 736 635 794 terre
657 733 785 810 sancte,
818 729 902 812 quod
933 728 1062 793 arbores
1085 729 1242 794 olivarum

87 835 178 902 vslde
194 835 311 900 durent
333 835 523 918 permultos
539 855 639 900 ennos
661 838 693 900 et
715 834 776 900 hee
799 855 838 898 ex
856 838 972 898 neture
995 854 1061 915 sus,
1084 838 1117 898 et
1131 834 1243 898 dieunt

89 941 170 1026 quod
195 939 229 1004 in
252 943 362 1004 monte
377 939 497 1006 Oliveti
514 938 618 1004 adhue
641 942 716 1004 sunt
738 939 868 1004 arbores
883 936 1042 1004 olivarum
1065 943 1243 1023 atempore

89 1045 234 1110 Christi¹
259 1094 267 1109 .
294 1096 300 1108 .
325 1095 332 1108 .
378 1042 537 1110 Nonnulli
559 1049 705 1109 esserunt
727 1045 931 1128 negationem
954 1042 1043 1108 Petri
1066 1043 1185 1108 feetem
1209 1044 1242 1108 in

90 1151 183 1216 domo
209 1151 331 1215 Anne.
358 1203 365 1217 .
391 1199 397 1213 .
422 1151 475 1216 sed
491 1150 620 1215 videtur
641 1149 778 1215 multum
801 1149 1026 1215 inconveniens
1051 1198 1058 1214 .
1083 1199 1091 1214 .
1116 1200 1123 1214 .
1159 1150 1242 1216 Exe-

90 1255 232 1320 minetus
243 1254 353 1320 lhesns
369 1259 402 1320 et
415 1256 511 1340 elepe
525 1260 656 1340 eeeepte
670 1256 781 1321 stetim
795 1255 885 1320 misit
902 1251 1041 1342 [Aunes]
1059 1253 1188 1320 Ihesum
1202 1256 1243 1320 ed

88 1358 251 1446 Ceyphnm
264 1363 297 1424 et
307 1359 400 1426 hodie
411 1361 623 1426 ostenduntur
633 1360 704 1426 loce
715 1360 749 1424 in
760 1361 852 1426 domo
864 1358 1066 1445 Oeyphevdl.
1080 1381 1197 1439 eumer,
1209 1362 1241 1426 in

90 1485 153 1548 qno
162 1464 255 1529 stetit
266 1463 376 1530 lhesns
385 1464 527 1530 inclusus
536 1487 636 1551 usque
650 1487 742 1530 mene
753 1469 947 1550 congregato
959 1465 1104 1547 coneilio,
1114 1471 1147 1531 et
1155 1467 1243 1532 loeus

90 1569 176 1652 gelli.
189 1569 245 1654 qui
257 1569 398 1634 eentevit
407 1574 481 1653 post
499 1571 712 1655 negationem,
726 1574 758 1634 et
770 1575 874 1654 porte,
894 1592 1056 1656 perquem
1069 1572 1169 1637 exivit
1184 1571 1243 1637 Pe·

89 1677 159 1770 trus
168 1673 298 1738 etflevit
308 1695 433 1740 emere.
449 1675 543 1742 ..sed
554 1676 648 1740 modo
658 1679 706 1740 eet
716 1675 881 1742 obstruete
892 1674 905 1712 ²
917 1727 925 1744 .
939 1727 965 1743 ..
982 1675 1020 1740 In
1029 1677 1092 1742 iste
1100 1676 1170 1742 loeo
1179 1677 1245 1740 sive

90 1777 122 1840 in
131 1777 225 1844 demo
235 1777 330 1844 Anne
337 1777 415 1845 feeit
425 1777 535 1844 ihesus
548 1780 609 1844 dno
621 1800 719 1864 opere
726 1779 839 1844 salutis
850 1785 883 1844 et
891 1779 984 1845 illum
999 1781 1104 1846 loeum
1112 1780 1245 1846 visitent

91 1884 263 1968 peregrini,
288 1889 320 1949 et
345 1885 444 1950 distet
468 1907 487 1950 e
509 1884 602 1950 domo
618 1883 750 1970 Geyphe
773 1886 812 1950 ed
835 1907 933 1950 unam
948 1886 1101 1971 sagittam
1117 1886 1243 1951 baliste.

97 1987 137 2052 Et
159 1995 236 2054 eunt
259 1989 304 2054 ibi
328 1989 529 2075 indulgentie
553 1988 616 2054 VII
639 2012 795 2054 annorum
820 1993 852 2055 et
875 1989 938 2056 VH
961 2012 1158 2056 cerenerum.

179 2093 227 2158 De
242 2093 334 2160 domo
350 2094 479 2180 Ceyphe
502 2099 535 2159 et
557 2095 595 2160 de
617 2095 690 2174 hiis,
714 2117 776 2181 que
799 2096 832 2159 in
854 2096 963 2162 eedem
978 2095 1063 2162 feete
1084 2100 1160 2162 sunt
1183 2146 1243 2163 ...

93 2247 101 2262 .
125 2247 133 2263 .
158 2249 165 2263 .
189 2199 301 2266 demus
326 2199 457 2285 Ceyphe
480 2221 541 2265 non
566 2205 635 2265 eret
658 2206 781 2266 remote
803 2221 823 2265 a
846 2201 939 2267 domo
962 2199 1066 2282 Anne,
1088 2205 1125 2267 ut
1147 2223 1245 2286 supra

91 2303 238 2368 habitum
261 2309 320 2384 est,
342 2309 375 2370 et
397 2305 492 2371 hodie
514 2309 658 2389 epperet.

123 2407 171 2495 [p.
194 2409 276 2498 234]
300 2409 348 2476 De
370 2409 441 2476 loeo
464 2431 549 2490 vero,
572 2431 636 2496 quo
659 2408 774 2475 Petrus
796 2409 882 2496 fugit
904 2417 978 2496 pest
999 2412 1212 2499 negationem.

62 2582 63 2586 ,
92 2511 159 2579 lste
174 2513 261 2580 loeus
284 2521 333 2580 est
348 2516 440 2600 qussi
463 2516 496 2580 in
516 2516 621 2581 medie
643 2520 735 2599 perte
751 2517 869 2581 montis
885 2517 1099 2584 descendendo
1121 2518 1160 2582 ed
1176 2517 1245 2583 vul·

91 2617 157 2684 lem
180 2617 336 2704 Josephet
358 2642 414 2704 per
436 2625 612 2687 torrentem
635 2618 775 2698 Gedron,
799 2621 849 2686 vel
871 2622 1086 2688 deseendendo
1109 2624 1149 2690 ed
1171 2623 1245 2689 fon-

89 2731 155 2790 tem
180 2723 277 2810 Syloe
309 2727 489 2806 natatoria,
524 2731 558 2791 et
580 2726 633 2790 vix
656 2725 819 2792 duodecim
854 2748 964 2811 pessus
988 2730 1184 2794 extrariam
1206 2730 1246 2793 ed

90 2851 222 2894 menum
247 2831 411 2911 dextrem3
435 2837 468 2898 et
490 2833 553 2897 fnit
575 2831 633 2898 illo
650 2836 794 2915 tempore
816 2833 860 2898 ibi
877 2833 1039 2917 spelunea,
1059 2839 1097 2899 ut
1119 2835 1245 2899 dieitur.

91 2933 134 2998 Et
157 2936 193 3000 in
215 2936 272 3002 ills
294 2938 445 3004 letitabat
460 2939 632 3004 seeundum
654 2937 779 3023 sliquos
802 2959 903 3024 usque
925 2940 965 3003 ed
983 2939 1245 3004 resurrectionem

88 3040 212 3106 domini
238 3093 245 3106 .
270 3091 278 3106 .
303 3091 311 3108 .
336 3050 368 3108 et
390 3045 423 3108 in
445 3043 535 3120 loeo,
569 3043 624 3108 nbi
650 3041 763 3107 Petrus
796 3044 908 3123 stetit,
939 3050 1015 3108 sunt
1046 3043 1247 3130 indulgentie

89 3143 153 3210 VIl
179 3167 337 3214 annorum
359 3157 392 3216 et
414 3148 478 3214 Vll
493 3170 690 3228 estensium,
714 3151 747 3212 et
763 3148 912 3213 visitetur
933 3171 952 3212 e
974 3149 1153 3235 peregrinis
1176 3150 1246 3214 des·

86 3252 253 3317 eendendo
276 3253 327 3317 vel
350 3255 545 3320 aseendendo
567 3259 708 3320 montem
723 3251 746 3319 ⁸.

667 3389 686 3424 ὕ

162 3463 176 3516 1
197 3457 284 3514 Febri
304 3461 324 3526 l,
343 3461 394 3518 264
413 3479 486 3533 gene
504 3463 626 3520 dhnlieh.
665 3463 790 3519 Wenner
808 3481 833 3518 e.
853 3478 879 3520 s
898 3480 923 3519 ο.
943 3462 1049 3532 sprieht
1068 3480 1123 3519 von
1141 3463 1246 3520 diesem

86 3548 195 3604 buum
215 3550 286 3604 erich
305 3549 363 3605 und
385 3554 475 3606 nennt
500 3552 551 3606 ihn
569 3551 650 3608 einen
678 3569 731 3622 ger
759 3551 840 3607 edlen
860 3551 954 3605 buum.
989 3549 1054 3606 Ihm
1073 3553 1174 3622 segten
1203 3552 1248 3607 die

85 3635 205 3702 bruder,
226 3636 305 3693 »dese
323 3655 352 3694 es
370 3643 444 3695 were
462 3639 512 3694 der
530 3639 616 3694 buum
635 3639 701 3695 eder
720 3637 865 3694 desselben
876 3637 1046 3708 'gesehleeht
1066 3653 1103 3694 en
1123 3639 1247 3694 welehen

83 3723 136 3781 der
156 3725 227 3780 herr
244 3723 283 3779 ist
294 3725 442 3796 gebunden
457 3725 598 3782 worden«.
616 3725 709 3782 Wenn
722 3725 794 3781 eueh
811 3725 857 3780 dis
870 3725 1001 3782 elbtume
1019 3727 1065 3782 ein
1085 3727 1148 3782 sehr
1161 3725 1247 3782 hohes

82 3812 162 3870 ulter
181 3812 340 3878 erreiehen,
358 3812 395 3868 ist
413 3831 441 3870 es
459 3813 529 3871 doeh
549 3815 633 3870 sehon
651 3813 887 3870 neturhisteriseh
907 3813 966 3870 fest
983 3814 1164 3884 unmoglich,
1183 3813 1248 3868 dass

81 3900 179 3956 dieser
200 3899 287 3954 baum
306 3917 356 3956 ens
375 3901 424 3958 der
442 3903 497 3958 neit
515 3900 620 3958 Christi
637 3903 779 3966 stemmte,
799 3919 872 3972 gens
885 3901 1045 3972 sbgesehen
1063 3902 1164 3967 deren,
1183 3901 1248 3955 dees

81 4007 113 4043 er
132 3988 183 4044 'die
205 3987 297 4043 rielen
314 3991 524 4060 maternum,
543 3989 634 4046 denen
664 3989 709 4046 die
733 3989 772 4044 hl
790 3989 869 4046 stadt
886 3991 1045 4060 eusgesetet
1062 4007 1134 4053 wer,
1162 3987 1248 4043 heum

82 4076 265 4134 uberdeuert
283 4075 375 4132 haben
394 4075 497 4132 werde.
536 4078 591 4133 lies
614 4077 753 4133 ntmliehe
778 4075 834 4148 gilt
851 4093 908 4134 von
926 4075 981 4132 den
1000 4075 1080 4132 alten
1099 4075 1247 4131 dlbtnmen

79 4167 122 4222 im
137 4165 248 4236 garten
262 4162 451 4226 Gethsemeni‚
470 4164 575 4220 welche
589 4164 659 4220 eueh
681 4179 731 4218 eus
749 4163 798 4219 der
810 4163 864 4219 neit
878 4161 983 4218 christi
996 4167 1135 4218 stnmmen
1151 4161 1248 4218 sollen.

80 4255 151 4327 Vgl.
167 4252 255 4308 hiesu
267 4250 505 4308 besondersTobl.
524 4251 667 4322 Siloshqu.
682 4253 740 4307 196.
794 4253 810 4305 2
829 4251 913 4306 Fabri
927 4251 948 4314 Ι,
962 4253 1015 4308 264
1033 4251 1086 4305 het
1105 4249 1167 4305 eine
1185 4266 1249 4303 eus·

78 4341 232 4398 fubrliche
251 4338 465 4410 besehreibung.
490 4339 557 4410 Vgl.
572 4339 652 4398 Tebl.
669 4339 736 4410 Top.
751 4339 786 4404 ΙΙ,
801 4340 850 4396 156
864 4339 893 4393 ff.
968 4339 985 4395 3
1003 4337 1087 4392 Febri
1101 4338 1121 4402 Ι,
1134 4339 1184 4393 261
1197 4337 1249 4393 seh

78 4451 120 4490 sn
140 4430 242 4486 dieser
263 4427 344 4482 stelle
362 4427 424 4484 eine
448 4431 549 4500 »petre
560 4431 669 4486 erecte«
690 4427 747 4482 und
760 4429 833 4498 negt,
851 4427 915 4482 dese
928 4426 993 4482 dort
1004 4427 1077 4482 einst
1089 4425 1151 4482 eine
1163 4425 1251 4496 grosse

1027 4514 1093 4584 18*
