3062 4938
824 345 867 414 20

273 529 391 592 festum
413 526 512 592 sancti
535 523 715 604 Francisci,
740 545 801 608 que
825 527 893 587 erat
916 523 935 586 5
958 523 1024 587 dies
1045 522 1162 587 mensis
1185 519 1348 602 Octobris,
1373 545 1421 588 ra-

274 633 414 716 perimus
437 653 509 696 eum
532 633 565 694 in
581 629 745 714 provincia
766 649 857 708 nova,
881 650 943 712 que
958 627 1096 711 amplius
1112 631 1243 692 vocatur
1259 627 1422 710 provincia

274 736 381 802 Prixie
397 737 418 818 ¹,
442 737 475 800 in
499 735 602 800 insula
625 735 684 798 laci
701 733 822 798 Gercen
837 731 859 798 ².
906 733 948 798 Et
970 733 1136 797 humiliter
1159 733 1346 798 reverentiis
1369 754 1420 797 ex-

273 842 385 907 hibitis
409 842 589 926 litterisque
605 840 795 924 presentatis
818 840 887 904 veni
911 841 949 903 ad
965 861 1116 924 magnam
1135 839 1330 903 arixietatem
1352 859 1420 902 cor-

274 947 337 1026 dis,
370 947 486 1011 timens
518 967 574 1010 nos
603 967 662 1029 par
685 967 757 1008 eum
780 944 921 1008 limitare
942 945 980 1009 ad
1004 944 1145 1030 aliquam
1167 944 1365 1028 provinciam
1387 965 1423 1006 ac

273 1052 387 1132 locum,
411 1052 584 1137 rogavique
598 1051 762 1116 dominum
778 1050 899 1114 dicens:
928 1048 1081 1114 »Domine
1097 1047 1192 1114 lhesu
1208 1046 1344 1128 Christe,
1368 1049 1421 1132 qui

275 1156 436 1241 hucusque
459 1179 509 1220 me
532 1177 683 1240 prospere
706 1155 893 1239 perduxisti,
918 1158 950 1218 et
973 1155 1068 1218 corda
1090 1151 1287 1239 prelatorum
1309 1154 1342 1216 in
1366 1157 1423 1215 tua

274 1283 371 1326 manu
393 1268 478 1327 sunt.
523 1261 678 1326 Illnmina
699 1283 753 1326 cor
774 1259 890 1344 prelati
914 1260 987 1339 mei,
1009 1264 1046 1323 ut
1069 1259 1150 1324 sciat
1171 1259 1274 1322 facere
1289 1249 1423 1336 meeum,

274 1388 335 1451 que
357 1371 412 1431 tue
435 1368 537 1432 laudis
567 1370 643 1431 aunt
673 1370 705 1430 et
728 1387 799 1430 mee
821 1365 943 1430 salutis.
989 1363 1063 1429 Tibi
1087 1365 1171 1428 enim
1194 1367 1299 1428 totum
1322 1363 1422 1428 libere

274 1472 421 1556 resigno,
444 1476 476 1536 et
498 1472 554 1536 ubi
576 1473 625 1536 vis
647 1493 698 1536 me
721 1471 781 1535 tibi
804 1469 931 1549 servire,
956 1469 1034 1533 illuc
1056 1491 1107 1533 me
1129 1469 1260 1552 dispone
1284 1468 1419 1532 venires

275 1575 316 1640 Et
331 1597 401 1641 ecce
417 1577 523 1660 gratia
545 1577 594 1641 dei
618 1577 1019 1660 superhabundantissime,
1042 1576 1114 1660 plus
1140 1597 1235 1660 quam
1258 1595 1317 1657 ego
1341 1574 1422 1638 desi·

276 1681 443 1762 dorassem,
459 1684 609 1767 apparuit
625 1683 658 1746 in
675 1683 810 1767 prelato.
856 1681 940 1747 Nam
956 1687 1084 1765 sumpto
1099 1681 1234 1764 prandio
1249 1680 1423 1744 meridiano

274 1788 398 1850 vocavit
420 1809 471 1851 me
494 1789 683 1854 reverendus
707 1793 798 1873 pater
830 1793 862 1852 et
884 1789 1050 1873 alloquens
1080 1787 1159 1851 mihi
1182 1787 1286 1870 primo
1315 1791 1352 1848 ut
1374 1784 1424 1850 leo

274 1893 351 1956 ratis
374 1893 450 1957 dure
474 1893 506 1956 in
529 1892 588 1958 hec
611 1895 727 1959 verba:
762 1893 895 1959 »Frater
917 1894 976 1958 mi!
1006 1893 1143 1957 multum
1165 1892 1313 1974 displicet
1342 1889 1423 1954 mihi

274 2017 400 2062 currere
414 1997 530 2062 fratres
546 1999 584 2063 ad
600 2000 706 2064 curias
722 1999 915 2083 principum,
932 1999 1015 2063 sicut
1031 1997 1180 2083 intelligo
1196 1997 1227 2060 in
1244 2001 1300 2060 tua
1316 1995 1425 2060 littera
1505 2063 1512 2082 ⁸

274 2103 479 2186 apostolica«.
513 2103 653 2188 Recepta
668 2125 725 2168 sua
743 2105 921 2169 reverentia
936 2125 955 2168 a
969 2125 1021 2166 me
1036 2101 1174 2166 veridica
1186 2100 1424 2179 informatione,

277 2207 399 2290 quievit
421 2207 599 2293 indignatio
622 2229 677 2272 sue
700 2208 912 2290 paternitatis,
935 2211 967 2270 et
989 2206 1092 2270 factus
1115 2209 1162 2269 est
1181 2210 1365 2270 mensuetus
1389 2210 1425 2268 nt

274 2334 385 2398 agnae,
408 2315 576 2378 ostendens
599 2316 766 2396 paternam
785 2313 998 2378 dilectionem.
1045 2311 1087 2376 Et
1101 2313 1228 2376 demum
1251 2311 1347 2374 retuli
1370 2331 1426 2374 sue

274 2419 482 2500 paternitati,
514 2417 670 2502 quomodo
694 2415 826 2481 fuissem
858 2418 890 2480 in
915 2418 1004 2482 curia
1026 2439 1157 2482 romana
1179 2421 1346 2499 tempore,
1362 2437 1426 2500 quo

274 2521 343 2604 ipse
377 2521 489 2585 fuisset
511 2521 745 2586 commissarius
776 2520 943 2606 generalis.
990 2521 1031 2586 Et
1065 2522 1110 2586 sic
1132 2521 1250 2586 notitia
1273 2525 1428 2584 renovata

273 2627 384 2692 statim
406 2627 538 2711 propria
560 2649 657 2692 manu
681 2625 850 2691 litteram⁸
883 2649 919 2692 ec
941 2627 1050 2712 sigillo
1073 2627 1230 2712 generalis
1252 2626 1428 2690 vicariatus

273 2733 420 2798 munivit.
466 2731 569 2798 Pauca
592 2733 689 2797 verba
712 2734 846 2802 uberum
867 2737 973 2798 tamen
998 2733 1138 2818 gratiam
1161 2732 1327 2796 continens
1350 2753 1425 2796 cum

273 2838 455 2902 omnimoda
478 2838 632 2902 facultate
655 2841 688 2902 et
711 2838 875 2903 voluntate
898 2839 1050 2918 intrandi,
1074 2838 1230 2922 probandi
1256 2838 1293 2902 ed
1316 2838 1424 2902 standi

273 2943 312 3007 ad
335 2942 490 3026 placitum
512 2947 545 3008 et
560 2943 757 3008 voluntatem
779 2965 944 3028 meamque
960 2943 1159 3008 devotionem
1183 2944 1215 3008 in
1234 2965 1427 3029 quacunque

273 3047 437 3132 provincia
459 3051 506 3112 sui
531 3050 711 3128 vicariatus,
734 3071 791 3116 nec
813 3073 864 3115 me
887 3049 1040 3114 limitavit
1062 3050 1102 3114 ad
1126 3050 1268 3136 aliquam
1290 3047 1428 3134 provin-

274 3152 356 3218 ciam
387 3174 442 3218 seu
465 3159 655 3220 conventum
689 3177 746 3220 nec
769 3157 891 3236 locum,
924 3156 977 3220 sed
1001 3155 1209 3240 generaliter,
1243 3156 1430 3240 ubicunque

274 3259 399 3340 vellem,
422 3261 562 3343 placeret
583 3262 654 3326 sibi.
701 3259 798 3325 Cuius
813 3260 921 3325 littere
938 3264 1030 3325 tenor
1045 3261 1189 3345 sequitur
1213 3264 1245 3324 et
1267 3266 1316 3326 est
1331 3262 1430 3329 talis:

278 3361 460 3430 ›Universis
491 3371 523 3430 et
553 3367 689 3451 singulis
721 3366 874 3430 fratribus
896 3369 1059 3449 presentes
1082 3365 1208 3430 litteras
1231 3367 1429 3450 inspecturis

274 3473 393 3553 pateat,
417 3473 573 3556 quomodo
589 3473 786 3556 presentium
804 3471 986 3556 portitores,
1010 3471 1111 3536 frater
1127 3469 1245 3536 Paulus
1262 3469 1430 3536 Waltheri

275 3579 306 3639 et
321 3574 422 3641 frater
436 3575 598 3643 Johannes
614 3577 716 3657 Wild,
738 3577 858 3642 ordinis
873 3577 1035 3641 minorum
1057 3577 1094 3640 de
1117 3576 1328 3655 observantia,
1352 3599 1431 3642 cnm

838 3726 858 3762 {¹

346 3820 358 3873 1
381 3819 460 3876 Dieuc
478 3821 606 3891 provinz,
625 3821 709 3877 deren
728 3821 864 3892 richtiger
883 3839 966 3884 name
986 3819 1080 3876 Brixia
1099 3843 1133 3869 =
1153 3821 1263 3877 Breseia
1280 3821 1334 3888 iet,
1353 3821 1431 3878 vvird

274 3909 327 3962 mit
345 3909 423 3964 recht
443 3926 546 3966 »nova«
560 3914 695 3980 genennt,
715 3910 777 3965 weil
794 3909 833 3964 sie
851 3913 909 3965 erst
927 3911 966 3964 im
982 3911 1064 3979 jahra
1080 3911 1145 3964 1⁴75
1165 3910 1216 3964 auf
1226 3911 1354 3978 drtngen
1374 3910 1430 3965 der

274 3997 444 4052 Venetianer
465 3996 521 4050 und
540 4013 636 4066 wagan
646 3996 852 4066 awistigkeiten
864 3997 1001 4052 zwisehen
1020 3995 1074 4051 den
1094 3997 1229 4052 manchon
1248 3997 1278 4051 in
1293 3997 1428 4052 Mailand

274 4083 330 4137 und
348 4083 460 4138 Brescia
478 4083 611 4139 errichtet
629 4085 742 4141 worden
761 4103 827 4140 war.
862 4085 963 4141 Wadd.
983 4087 1062 4140 dnn.
1081 4083 1241 4150 X111,402;
1268 4083 1342 4150 XIV,
1364 4085 1431 4141 126.

274 4169 290 4222 2
319 4171 423 4226 [lernen
441 4171 486 4224 fur
504 4169 603 4237 Garaa,
623 4173 741 4228 wieder
760 4190 804 4229 see
823 4176 895 4229 statt
914 4174 1009 4228 (larda
1031 4171 1103 4227 auch
1121 4170 1195 4228 hiess.
1231 4171 1282 4226 Die
1300 4171 1362 4226 hier
1382 4190 1430 4226 er-

276 4257 387 4314 wahute
407 4259 477 4314 insel
496 4259 567 4330 liagt
580 4260 841 4332 halbmondldrmig
859 4261 916 4316 und
936 4261 1049 4316 lieblioh
1068 4260 1098 4315 in
1117 4259 1166 4315 der
1183 4259 1271 4313 bneht
1290 4277 1344 4315 von
1358 4258 1433 4316 Salo

274 4345 331 4398 und
351 4345 430 4402 heisst
448 4347 532 4402 haute
550 4348 620 4404 noch
639 4347 760 4404 liutadi
779 4348 875 4404 (larda
899 4348 965 4405 oder
989 4348 1034 4404 dei
1063 4347 1157 4413 Preti,
1182 4347 1245 4401 weil
1271 4347 1316 4401 die
1335 4347 1434 4404 Mino·

275 4431 348 4486 riten
362 4432 426 4487 dort
439 4432 518 4488 einen
532 4435 595 4489 sehr
606 4435 725 4490 schanan
737 4439 860 4492 convent
872 4436 983 4491 hatten.
1055 4437 1072 4489 3
1091 4434 1208 4506 Scripsit
1226 4453 1259 4488 zu
1275 4439 1433 4505 ergtneen.
