3054 4942
797 334 861 398 220

255 517 287 576 et
308 512 394 576 omni
418 531 502 574 anno
525 509 638 573 crescit
661 508 699 572 de
723 529 814 588 novo,
837 512 869 572 et
892 508 1150 593 transplantatur
1172 509 1235 574 sie:
1262 513 1407 592 tempore

254 616 330 680 Maii
356 616 557 699 accipiuntur
587 613 712 697 parvuli
737 614 907 679 ramusculi
943 618 975 678 et
998 613 1187 698 plantantur
1216 615 1255 680 ad
1288 623 1405 680 terram

257 723 335 786 bene
369 721 414 784 eis
449 719 604 796 celatam,
640 726 672 782 et
704 719 829 782 demum
862 720 968 803 sepius
991 720 1191 804 adaquantur
1220 741 1292 784 eum
1324 743 1408 804 aqua

254 825 291 890 de
329 825 418 888 fonte
451 823 553 887 Marie
583 824 734 908 virginis,
772 825 810 888 de
843 845 906 909 quo
944 845 1040 908 supra
1080 825 1199 888 dietum
1232 829 1295 901 est;
1329 829 1408 890 tuno

255 931 377 995 erescit.
424 929 464 994 Et
488 935 630 1012 tempore
654 931 770 994 mensis
794 928 1010 994 Novembris¹
1035 928 1217 994 extrahitur
1240 936 1328 994 totus
1350 951 1405 994 ru-

255 1037 313 1099 bus
351 1040 384 1099 et
418 1035 608 1118 exprimitur
650 1031 819 1096 balsamus.
872 1032 911 1096 Et
946 1033 1057 1098 dieunt
1088 1033 1289 1113 Sammaei,
1323 1034 1406 1118 quod

253 1141 287 1204 in
320 1139 407 1204 nullo
437 1139 500 1203 alio
532 1139 600 1202 loeo
631 1157 688 1201 neo
717 1137 779 1200 alia
811 1140 898 1200 terra
927 1138 995 1201 vult
1026 1159 1164 1202 creseere
1194 1139 1255 1202 nisi
1284 1139 1319 1202 in
1350 1139 1407 1204 illo

256 1251 346 1323 orto,
378 1264 435 1307 neo
457 1245 552 1307 etiam
577 1241 668 1306 nulla
699 1240 762 1306 alia
793 1264 876 1326 aqua
899 1242 968 1308 vult
999 1244 1128 1327 irrigari
1158 1244 1219 1308 uisi
1249 1244 1287 1308 de
1318 1244 1407 1309 fonte

255 1351 394 1435 gloriose
426 1349 561 1432 virginis
592 1345 730 1412 lllurie¹.
776 1345 893 1412 Utrum
923 1352 1027 1412 autem
1056 1371 1166 1414 verum
1198 1349 1257 1428 sit,
1290 1352 1406 1416 neseio.

256 1457 297 1520 Et
329 1477 384 1519 aex
419 1453 484 1519 illis
521 1452 633 1535 primis
669 1453 788 1516 eduotis
824 1453 951 1517 induxit
982 1453 1062 1517 alios
1096 1474 1168 1533 sex,
1206 1455 1292 1520 iuter
1329 1477 1408 1541 quos

256 1581 424 1644 egueram
458 1565 491 1622 et
513 1558 616 1623 socius
646 1578 754 1632 meus;
790 1563 822 1621 et
851 1558 986 1622 ostensis
1019 1559 1110 1623 nobis
1141 1559 1277 1644 singulis
1310 1582 1409 1646 supra

258 1667 377 1732 notatis
400 1665 484 1730 sicut
506 1663 629 1748 primis,
652 1683 711 1747 ego
734 1663 857 1727 oeoulte
881 1665 971 1748 rapui
995 1664 1162 1728 modicum.
1209 1664 1250 1729 llt
1271 1667 1317 1730 sie
1339 1690 1408 1732 om·

257 1775 352 1838 nibus
375 1771 552 1856 peregrinis
575 1769 650 1833 visis
673 1769 808 1854 regressi
831 1791 939 1834 sumus
961 1770 1104 1850 domum,
1138 1770 1221 1834 unde
1244 1771 1409 1838 exivimus.

259 1879 349 1944 Tune
371 1877 479 1941 statim
515 1874 714 1939 adduxeruut
747 1874 883 1939 camelos
917 1875 955 1939 de
982 1875 1112 1940 eivitate
1135 1875 1295 1962 Allrayro,
1329 1900 1409 1962 quos

259 1987 471 2050 oneraverunt
494 2003 564 2047 oum
589 1979 684 2043 rebus
706 1980 964 2062 peregrinorum,
988 1987 1020 2044 et
1043 1979 1140 2044 asinis
1163 1984 1342 2065 preparatis
1365 1985 1409 2048 ai·

257 2089 412 2154 maleum
432 2085 733 2150 drutzsthelmannia
749 2087 972 2169 equitavimus,
996 2091 1028 2150 et
1050 2087 1088 2150 de
1104 2093 1196 2152 noete
1219 2087 1410 2153 intenebris

258 2195 447 2259 intravimus
463 2194 626 2257 civitatem
641 2189 829 2275 Alkayrum.
880 2191 918 2255 llt
940 2191 973 2272 iu
994 2191 1045 2256 via
1068 2211 1169 2276 usque
1190 2192 1228 2256 ad
1245 2193 1409 2260 civitatem

261 2307 396 2385 quantos
430 2305 516 2363 ortos
542 2298 624 2360 latoa
657 2299 690 2359 et
723 2295 835 2380 longos
858 2317 929 2361 eum
952 2297 1049 2362 variis
1071 2297 1239 2362 arboribus
1261 2298 1409 2380 vidimus,

256 2407 310 2470 vix
334 2405 404 2490 quis
427 2404 578 2470 erederet.

600 2613 805 2715 Ingressus
833 2610 1071 2714 llkayrun.

345 2825 385 2890 Εἰ
409 2826 565 2890 intrantes
588 2823 750 2888 civitatem
774 2823 953 2909 Alkayrum
986 2823 1089 2888 multa
1111 2829 1330 2907 apparuerunt
1357 2825 1408 2892 lu·

258 2933 345 2997 mina
356 2929 379 3010 ⁸,
397 2931 540 2997 homines
555 2953 628 2996 vero
646 2931 788 2996 videntes
804 2931 994 3013 inceperunt
1016 2929 1153 2995 olamare
1169 2933 1200 2994 et
1215 2931 1410 2996 subsannare

259 3059 337 3119 nos,
369 3037 577 3116 insultantes,
610 3037 801 3100 etiamnum
831 3036 952 3100 baculis
975 3035 1205 3119 percutientes,
1238 3036 1322 3120 quod
1346 3038 1411 3102 vidi

827 3179 847 3215 «Ι

258 3279 452 3335 medizinisohe
471 3278 636 3348 virkungen
657 3278 782 3334 derselbe
811 3279 892 3335 habe.
930 3280 1056 3336 Letatere
1075 3279 1221 3351 besprieht
1249 3280 1321 3336 auch
1340 3281 1409 3338 Lud.

259 3385 284 3422 l·
304 3367 509 3510 sldllllglliend
524 3454 591 3511 Lod.
609 3453 655 3510 die
668 3455 804 3510 ealenden
823 3455 870 3510 des
885 3455 960 3510 Mera
974 3456 1017 3510 als
1029 3454 1085 3510 neit
1097 3454 1146 3510 der
1160 3454 1229 3512 reite
1243 3456 1411 3520 beneiobuet,

259 3543 338 3613 giebt
356 3541 440 3596 Fabri
460 3543 515 3597 den
534 3543 641 3597 Januar
659 3543 702 3597 als
721 3544 813 3599 soleba
832 3561 877 3598 an.
982 3544 998 3596 2
1018 3545 1056 3598 Zu
1069 3543 1138 3599 Lud.
1156 3544 1211 3598 aeit
1223 3560 1317 3598 waren
1336 3545 1409 3598 aueh

261 3631 390 3685 christan
414 3633 516 3685 vvarter
545 3630 593 3686 des
617 3631 853 3700 balsamgartens.
891 3631 942 3687 Die
973 3631 1184 3686 balsamstaude
1203 3630 1296 3685 warde
1323 3631 1412 3687 durch

136 3761 140 3770 .
260 3719 412 3790 Cleopatra
436 3737 486 3774 aus
505 3718 650 3774 Paltstinu
673 3718 768 3774 bieher
788 3719 959 3789 verpllanat‚
983 3737 1042 3773 var
1067 3719 1135 3773 aber
1158 3717 1226 3772 bald
1251 3718 1324 3773 naolr
1348 3719 1411 3774 dem

260 3807 438 3862 autenthalte
458 3823 570 3862 unserer
588 3806 680 3876 pilger
699 3805 873 3874 grossenteilr
893 3806 987 3874 (llarff
1003 3807 1045 3866 87.
1067 3807 1127 3874 110)
1153 3805 1209 3860 und
1233 3805 1305 3861 uoeb
1323 3809 1412 3862 etwas

260 3899 355 3966 spater
373 3895 465 3966 (1508)
485 3893 660 3962 vollstandig
678 3897 862 3963 ausgerottet.
898 3893 990 3964 Georg
1008 3894 1070 3950 489.
1106 3892 1307 3964 Gegenvvartig
1324 3895 1412 3950 findet

260 3985 301 4039 sie
319 3983 378 4038 sielr
397 4001 451 4036 nur
469 3983 548 4038 mehr
567 3981 596 4035 in
615 3981 664 4035 der
682 3981 791 4050 gegend
811 3999 867 4038 von
882 3981 992 4039 Melvlra.
1029 3982 1111 4053 Sepp,
1129 3984 1184 4038 Jer.
1200 3983 1308 4047 [1,778.
1326 3982 1410 4038 Baed.

261 4074 320 4127 356.
411 4071 427 4127 3
447 4070 531 4124 Fabri
550 4069 600 4138 111,
620 4069 664 4123 19:
687 4069 857 4125 »eratenim
877 4070 946 4126 bora
966 4071 1095 4125 laetitiae
1113 4087 1215 4134 eorum,
1235 4070 1411 4126 comestionis

262 4161 291 4214 et
309 4157 404 4214 solatii
423 4161 538 4228 propter
552 4156 718 4226 jejunium«.
754 4154 793 4210 Er
812 4157 953 4227 bespriobt
972 4159 1007 4222 ΙΙ,
1027 4161 1077 4214 517
1097 4157 1119 4212 f.
1145 4157 1196 4212 das
1214 4157 1295 4213 einen
1313 4161 1412 4214 monat

263 4245 404 4301 dauernde
419 4247 510 4300 fasten
529 4245 578 4300 der
590 4244 811 4300 Muhamedaner
828 4246 910 4302 sovie
924 4245 1007 4300 deren
1022 4244 1262 4316 ausgelassenheit
1276 4244 1409 4300 wahrend

260 4332 309 4387 der
337 4332 399 4386 dem
426 4333 554 4402 fasttage
580 4331 731 4402 folgenden
760 4332 846 4387 naeht
872 4333 1055 4389 ausftlbrlioh.
1090 4331 1156 4403 Vgl.
1180 4331 1263 4388 Baed.
1285 4333 1335 4388 163
1354 4331 1410 4386 und

261 4420 377 4504 arnold,
397 4419 446 4475 der
464 4420 560 4476 Ialam.
596 4419 747 4475 Gliterrlolr
767 4421 842 4476 1878.
861 4438 883 4475 a.
901 4421 944 4476 83.
