3054 4942
669 348 731 413 231

130 505 207 590 lteri
231 525 263 588 in
289 523 449 588 dominica
471 523 522 586 die
543 525 618 586 ante
636 519 721 587 Galli
744 527 777 588 et
800 521 936 588 secunda
957 519 1040 586 feria
1054 523 1199 608 sequenti
1223 523 1278 608 [12

127 630 189 694 und
214 628 254 693 13
270 627 355 712 Oct]
378 630 524 692 stetimus
548 629 580 692 in
597 629 690 692 domo
713 633 745 692 et
768 627 850 692 nihil
871 649 998 706 novum,
1022 627 1106 692 nihil
1123 628 1278 708 mirabile,

127 735 255 816 dignum
274 733 286 769 ¹
302 734 451 811 occurrit,
474 735 528 798 sed
544 734 647 798 solum
662 733 820 810 modicum
835 734 1010 797 balsamum
1027 732 1280 816 comparavimus

127 839 305 923 aquodam
319 835 343 902 ².
389 835 470 900 Item
492 837 573 901 feria
596 837 694 900 tertia
722 841 797 900 ante
820 835 906 900 Galli
931 835 990 923 [14
1012 834 1098 923 Oct]
1123 859 1215 902 mane
1246 838 1279 901 in

129 949 202 1008 ortu
225 941 301 1007 solis
324 942 522 1006 ascendimus
543 940 679 1005 omnes⁸
711 943 816 1006 asinos
839 941 1087 1020 valentissimos,
1117 941 1218 1006 fortes
1247 943 1280 1006 et

128 1068 264 1130 grossos,
287 1047 426 1130 pretiose
442 1047 568 1129 orna[p.
588 1043 729 1132 leopos,
751 1045 905 1110 habentes
920 1045 997 1110 duos
1013 1047 1279 1120 drutzsthelman·

127 1151 219 1230 noe⁴‚
242 1173 340 1216 unum
361 1153 546 1215 Alemanum
572 1152 610 1214 de
636 1150 760 1215 Basilea
784 1151 822 1214 de
844 1151 943 1234 stirpe
967 1151 1130 1217 cuiusdam
1152 1153 1279 1232 nobilis,

127 1257 241 1322 famosi
272 1257 304 1320 in
329 1256 521 1332 hastiludio,
552 1257 680 1321 nomine
702 1255 830 1340 Sefogel
847 1254 870 1335 ⁶,
900 1256 981 1320 alius
1004 1258 1042 1320 de
1064 1257 1128 1321 alia
1150 1259 1281 1323 natione

127 1361 393 1440 Christianorum,
410 1362 502 1427 ambo
518 1362 678 1446 abnegati.
709 1361 769 1426 Isti
785 1362 846 1426 duo
862 1362 1089 1446 equitaverunt
1105 1363 1281 1443 nobiscum,

128 1467 303 1532 alamanus
326 1469 400 1531 ante
423 1487 489 1546 nos,
521 1467 601 1530 alius
623 1469 709 1532 retro
732 1487 807 1545 nos,
840 1467 989 1530 ducentes
1012 1489 1069 1532 nos
1091 1468 1130 1532 ad
1152 1468 1281 1552 singula

128 1574 207 1652 loca,
231 1572 436 1637 defendentes
458 1571 612 1651 fideliter,
644 1594 684 1636 ne
708 1571 824 1657 aliquis
855 1573 893 1637 de
923 1574 1057 1657 paganis
1079 1573 1218 1658 aliquem
1242 1575 1281 1638 de

130 1679 249 1744 nostris
271 1678 465 1742 molestaret.
511 1676 584 1742 Non
607 1678 713 1743 minus
736 1683 841 1742 tamen
867 1678 994 1742 iuvenes
1027 1678 1226 1744 insultabant
1248 1685 1280 1744 et

128 1784 309 1850 clamabant
332 1783 511 1847 deridentes
534 1804 600 1862 nos,
627 1786 659 1848 et
685 1781 831 1847 nonnulli
855 1783 894 1847 de
913 1783 1031 1848 nostrie
1053 1783 1148 1848 etlam
1165 1784 1280 1868 plagas

126 1893 345 1973 susceperunt.
392 1885 434 1952 Et
449 1909 507 1972 ego
524 1889 593 1972 ipsa
614 1889 664 1954 die
679 1889 786 1953 studui
804 1889 948 1973 equitare
963 1910 1036 1954 cum
1051 1889 1155 1972 primo
1171 1891 1279 1954 druta-

129 1995 332 2060 sthelmanno
355 1993 570 2074 theutonico,
601 2017 697 2079 quem
719 1994 822 2058 multa
845 1995 1057 2079 interrogavi,
1088 1997 1120 2058 et
1143 1995 1281 2060 libenter

129 2100 322 2186 loquebatur
343 2120 486 2176 mecum,
520 2100 573 2184 qui
598 2121 649 2164 me
678 2099 711 2162 in
734 2099 845 2163 multis
867 2121 925 2182 pre
947 2099 1061 2164 ceteris
1085 2097 1280 2164 informavit.

131 2207 168 2270 Et
191 2207 261 2289 ipsa
284 2205 335 2268 die
359 2205 571 2288 equitavimus
595 2227 651 2287 per
675 2205 845 2269 circuitum
869 2204 967 2270 totius
991 2204 1146 2280 civitatis,
1170 2209 1202 2268 et
1225 2204 1280 2268 do·

127 2311 205 2374 mini
230 2309 385 2374 dederunt
420 2311 465 2374 eis
498 2309 574 2373 duos
607 2309 747 2373 ducatos.
796 2308 836 2371 Et
868 2310 1044 2392 incepimus
1067 2309 1212 2394 equitare
1246 2309 1281 2372 in

129 2417 287 2500 aquilone,
311 2418 344 2478 et
366 2413 582 2479 descendimus
601 2433 710 2476 versus
732 2413 938 2492 occidentem,
962 2417 994 2478 et
1016 2414 1219 2497 pervenimus
1242 2414 1281 2478 ad

129 2520 204 2584 litus
229 2517 298 2584 Nili
317 2518 345 2598 ⁶,
375 2521 429 2584 ubi
453 2519 628 2603 reperimus
651 2518 770 2583 multas
801 2521 834 2582 et
856 2540 988 2602 magnas
1019 2541 1114 2584 naves
1143 2520 1180 2584 de
1203 2519 1280 2584 Ale-

128 2626 260 2689 xandria
284 2631 316 2689 et
348 2625 385 2689 de
407 2625 478 2689 aliia
501 2627 647 2707 partibus
676 2624 803 2701 mundi,
840 2646 902 2708 que
931 2626 1146 2708 apportabant
1167 2625 1281 2689 merci-

129 2731 235 2795 monia
257 2734 289 2794 et
305 2730 456 2794 victualia
471 2731 504 2794 in
519 2751 635 2814 magna
652 2730 753 2814 copia.
794 2729 929 2795 Domum
944 2731 1141 2796 ascendimus
1158 2729 1281 2816 Nylum

129 2859 236 2902 versus
259 2841 415 2916 austrum,
439 2842 471 2902 et
494 2838 527 2901 in
552 2837 659 2902 littore
682 2837 818 2901 vidimus
841 2859 938 2902 unam
959 2857 1049 2901 ovem
1072 2837 1138 2900 sive
1160 2839 1280 2900 castra·

129 2965 203 3007 num
221 2936 300 3006 mire
314 2943 557 3025 magnitudinis,
573 2943 724 3008 excedens
739 2943 772 3006 in
785 2943 967 3026 quantitate
976 2963 1130 3026 magnum
1146 2942 1281 3023 asinum,

127 3134 223 3172 varen
242 3115 300 3170 und
319 3115 408 3170 ihrem
427 3115 614 3171 landsmanne
626 3061 801 3188 grossdnteils
820 3115 958 3170 ruchlrehr
977 3133 1026 3170 aur
1037 3114 1219 3170 christlichen
1238 3132 1282 3172 re-

127 3205 215 3274 ligion
237 3203 430 3273 versprachen,
450 3203 511 3258 ihre
529 3203 600 3259 eben
620 3221 673 3260 von
693 3205 751 3259 ihm
770 3203 921 3272 einsegnen
945 3203 1001 3258 und
1028 3203 1090 3259 ihre
1106 3202 1207 3258 hindar
1225 3220 1281 3260 von

127 3293 185 3347 ihm
204 3293 305 3347 taulen
323 3289 425 3345 liellen.
463 3289 546 3344 Fabri
567 3291 666 3356 11131
686 3293 705 3349 l.

199 3384 211 3434 l
232 3378 389 3434 Jedenfalls
409 3379 550 3435 mentione
568 3379 693 3450 dignum.
771 3379 787 3433 2
806 3379 891 3433 Fabri
909 3377 1011 3434 erbielt
1030 3395 1077 3433 am
1097 3379 1129 3434 12
1147 3378 1208 3436 Oct.
1227 3379 1282 3434 dan

127 3467 324 3539 gegenbesnch
344 3467 393 3522 der
411 3467 598 3536 ungarlsohen
617 3467 796 3522 mameluhan
816 3465 873 3520 und
894 3483 941 3520 am
962 3468 993 3520 13
1012 3465 1144 3522 beauchte
1171 3483 1200 3521 er
1229 3467 1282 3521 mit

126 3559 240 3627 einigen
261 3555 391 3622 adeligen
410 3555 520 3624 pilgern
539 3555 585 3610 die
604 3556 705 3610 bazara
722 3555 781 3609 und
801 3555 855 3610 den
874 3553 1095 3608 slrlavenmorlrt.
1168 3554 1185 3609 3
1202 3552 1282 3608 Auch

126 3645 199 3700 nach
211 3643 297 3698 Fabri
316 3644 372 3697 und
388 3642 532 3698 Breidenb.
546 3643 668 3698 nahmen
690 3661 726 3697 an
741 3643 830 3698 dieser
844 3641 1044 3712 besichtigung
1062 3642 1112 3696 der
1125 3641 1205 3696 stadt
1223 3641 1281 3695 und

126 3733 202 3788 ihrer
221 3732 359 3786 ntchsten
379 3729 543 3800 umgebung
573 3731 629 3786 alle
649 3731 740 3801 pilger
759 3731 819 3786 teil.
925 3731 941 3782 4
969 3728 1054 3782 Fabri
1074 3727 1121 3792 111.
1143 3733 1175 3785 37
1197 3729 1282 3786 »duos

128 3819 330 3874 mamelukoe».
414 3821 430 3872 5
450 3818 533 3872 Fabri
554 3819 600 3884 Ill,
620 3821 654 3875 34
673 3820 801 3874 erwhhnt
819 3817 913 3874 diesen
931 3821 1088 3888 renegaten
1108 3818 1188 3883 auch,
1206 3821 1281 3886 sagt,

128 3907 190 3962 dass
208 3925 238 3961 er
257 3907 308 3960 ibn
327 3905 425 3959 frhher
443 3907 472 3960 in
491 3905 572 3961 Basel
591 3907 712 3976 genehen
730 3907 817 3971 habe,
843 3906 899 3960 und
920 3907 1043 3971 arrath,
1072 3907 1137 3960 dass
1155 3905 1281 3962 derselbe

128 3995 185 4049 ihm
204 3993 391 4062 versprochen
410 3991 492 4058 habe,
510 3993 612 4049 wieder
630 4013 679 4048 aur
698 3995 777 4049 irath.
796 3993 891 4048 hirche
910 3993 1166 4056 aurbckanlrehren,
1193 3995 1282 4046 nennt

126 4083 225 4152 jedoeh
244 4081 339 4138 seinen
360 4099 463 4137 namen
482 4083 567 4138 nieht.
606 4083 646 4137 lm
662 4081 768 4152 Reyssb.
786 4085 835 4138 172
853 4083 984 4153 dagegen
1004 4083 1070 4150 sagt
1089 4097 1119 4136 er
1132 4096 1186 4134 von
1205 4078 1279 4133 ihm:

130 4171 201 4226 »und
222 4171 323 4240 gehdrt
342 4169 405 4224 dem
425 4170 555 4238 Seerogel
576 4187 634 4224 ro«.
674 4159 747 4224 llber
765 4169 810 4224 die
829 4169 1006 4224 mamaluken
1027 4165 1182 4237 ngBaed.
1199 4167 1281 4220 1171.

129 4277 154 4312 ιι.
166 4259 226 4316 231.
300 4260 317 4312 6
337 4257 401 4326 l'gl.
414 4257 459 4312 die
472 4257 654 4328 punhtierten
667 4257 755 4312 linien
774 4257 825 4312 aul
834 4257 898 4314 dem
910 4257 1009 4328 plane;
1028 4254 1074 4308 die
1092 4253 1194 4308 brucho
1213 4251 1281 4309 liber

127 4349 179 4404 den
198 4345 324 4401 Nil-arm
343 4345 407 4414 (den
425 4346 590 4401 studtlranal
610 4345 737 4417 Ohaligp
758 4347 861 4402 welche
889 4345 928 4400 sie
946 4343 1119 4416 paratomon,
1147 4342 1277 4398 eruthnt

129 4435 211 4492 Fabri
229 4433 281 4500 111,
299 4433 334 4490 40
351 4433 554 4491 ausdrflcldich.
657 4499 659 4505 Α
