3056 4944
799 339 860 403 106

254 514 338 580 libro
369 517 388 578 2
413 514 657 581 Machabeorum
692 514 833 599 capitulo
857 515 876 579 7
899 514 1035 600 legimus
1064 515 1102 580 de
1124 517 1247 599 septem
1270 511 1402 578 Macha-

254 621 337 700 beis‚
371 621 424 705 qui
458 619 541 704 passi
571 623 646 684 sunt
678 641 749 684 cum
772 625 875 685 matre
906 642 1015 686 eorum
1044 621 1102 686 sub
1128 618 1287 685 Antiocho
1310 638 1403 703 rege;

256 729 362 789 tamen
387 724 504 789 ibidem
527 745 585 789 nec
608 725 642 789 in
666 729 758 790 textu
780 746 837 791 nec
866 726 901 790 in
931 725 1040 811 aliqua
1062 725 1152 808 glosa
1175 723 1258 810 hyre
1280 723 1332 788 rel
1356 722 1402 786 al·

258 829 357 894 terius
379 829 518 895 doctoris
541 831 734 915 exprimitur
757 829 858 912 locus,
882 831 937 896 ubi
960 835 1035 896 sunt
1058 831 1125 895 nati
1148 830 1199 895 rel
1221 829 1315 913 passi.
1362 826 1405 890 Et

256 935 426 1000 verisimile
450 939 515 1015 est,
545 937 628 1021 quod
651 959 714 1002 non
737 942 813 1003 sunt
835 937 920 1022 passi
944 935 1162 1002 iherosolimis
1185 933 1237 998 rel
1259 934 1292 998 in
1317 937 1405 998 terra

255 1039 349 1119 duda,
374 1041 450 1125 quie
473 1062 528 1104 rex
552 1041 744 1122 Antiochus,
767 1042 799 1106 in
824 1043 913 1107 cuius
929 1042 1093 1127 provincia
1108 1039 1296 1106 martirisati
1319 1043 1405 1118 sunt,

256 1167 317 1210 non
343 1145 464 1229 legitur
487 1146 606 1210 redisse
629 1146 661 1210 in
687 1145 903 1227 lherusalem‚
935 1151 1105 1232 postquam
1137 1147 1211 1211 inde
1234 1147 1406 1211 recesserat

256 1250 342 1315 facta
376 1255 485 1336 straga
517 1255 549 1316 et
578 1252 770 1336 spoliatione
804 1251 934 1336 templi,
965 1253 1018 1318 sed
1049 1253 1155 1336 potius
1177 1250 1350 1336 contigisse
1372 1250 1405 1312 in

257 1354 429 1421 Antiochia
459 1360 515 1420 aut
547 1357 580 1421 in
612 1358 675 1422 aliu
706 1357 844 1422 notabili
871 1357 1001 1422 civitate
1016 1357 1037 1422 ¹.
1084 1357 1158 1421 Alio
1187 1355 1278 1420 modo
1303 1353 1406 1419 Rama

257 1461 338 1525 idem
362 1465 419 1542 est,
443 1463 526 1547 quod
552 1462 604 1527 ›in
622 1462 783 1542 excelsis«,
807 1467 840 1528 et
861 1463 907 1528 sic
921 1462 1148 1546 intelelligitur
1170 1460 1251 1526 illud
1267 1458 1406 1525 Matthei

258 1566 278 1630 2
301 1567 459 1651 capitulo:
484 1567 575 1633 >Vox
597 1569 630 1634 in
646 1568 747 1634 Rama
768 1569 878 1634 audita
901 1572 979 1648 est«,
1005 1567 1026 1633 i.
1043 1589 1068 1632 e.
1094 1567 1126 1630 in
1144 1565 1284 1634 excelsis.
1332 1561 1406 1629 Non

257 1672 394 1752 invenio,
418 1673 500 1758 quod
524 1674 555 1737 in
580 1673 637 1738 illa
659 1673 789 1738 civitate
811 1673 855 1738 sit
877 1672 974 1737 statio
996 1671 1277 1756 indulgentiarum.

344 1775 456 1862 Ibique
471 1778 616 1843 stetimus
639 1778 673 1842 in
689 1777 842 1862 hospitali
857 1776 971 1842 inclusi
995 1798 1053 1861 per
1074 1781 1140 1841 tres
1162 1775 1227 1842 dics
1243 1794 1344 1858 usqua
1366 1772 1406 1836 sd

259 1879 378 1946 festum
404 1882 495 1947 beate
518 1881 620 1947 Maris
643 1881 841 1966 Mngdelene,
866 1882 947 1967 quod
972 1887 1041 1946 erat
1064 1881 1105 1945 22
1129 1880 1180 1945 die
1195 1878 1312 1944 mensis
1327 1876 1409 1942 Julii

259 1991 291 2050 et
307 1986 339 2050 in
358 1987 408 2052 die
423 1988 508 2054 lune.
544 1989 586 2053 Et
600 1989 683 2054 ratio
700 1988 793 2053 huius
809 1987 888 2052 iuit:
911 2009 984 2052 narn
1002 1992 1075 2070 post
1091 2005 1246 2051 recessum
1261 1986 1408 2047 nostrum

260 2090 298 2154 de
325 2088 411 2157 Jeffa
441 2094 507 2158 sire
537 2094 576 2158 de
607 2116 693 2159 mare
724 2095 833 2159 statim
856 2093 945 2158 venit
977 2092 1123 2158 dominus
1154 2089 1265 2154 Petrus
1287 2087 1409 2168 Laudo,

261 2201 424 2282 patronus,
448 2221 520 2264 curn
544 2220 601 2263 sua
624 2199 717 2284 galea
743 2205 776 2264 et
804 2197 992 2284 peregrinis.
1038 2197 1080 2261 Et
1103 2195 1206 2260 Mauri
1236 2193 1410 2259 noluerunt

261 2301 309 2366 irs
331 2301 545 2383 lherumlem,
568 2305 629 2368 uisi
653 2304 708 2368 alii
733 2303 894 2389 peregrini
917 2307 1021 2368 essent
1043 2303 1138 2366 etiam
1162 2299 1306 2379 adducti,
1331 2320 1409 2383 qua-

263 2408 397 2488 propter
420 2407 482 2489 ipsi
505 2405 656 2472 officiales
690 2412 722 2471 et
746 2407 934 2471 reverendus
957 2410 1048 2490 pater
1071 2405 1241 2491 gordianus
1264 2409 1410 2470 retorna·

265 2515 379 2574 rerunt
403 2515 435 2574 et
461 2512 661 2576 adduxerunt
683 2507 772 2574 eos'.
817 2509 859 2574 Et
883 2511 1027 2575 adductis
1049 2511 1082 2574 in
1106 2511 1156 2575 die
1178 2513 1286 2574 sancte
1309 2507 1411 2572 Maris

264 2613 453 2699 Magdalene
476 2617 585 2683 audito
607 2616 714 2682 officio
737 2614 856 2680 misse³
885 2621 916 2681 et
940 2621 1067 2700 sumpto
1091 2615 1223 2699 prandio
1246 2613 1331 2679 circa
1354 2611 1411 2676 ho-

263 2740 330 2783 ram
355 2722 373 2783 2
396 2726 469 2805 post
491 2723 655 2789 meridiem
678 2744 786 2788 omnes
807 2723 903 2788 simul
923 2723 1076 2790 exivimus
1098 2722 1259 2806 pedestres
1282 2741 1341 2805 per
1364 2719 1409 2784 ci·

262 2825 414 2905 ritatem,
449 2831 481 2892 et
514 2833 587 2894 ante
620 2833 746 2914 portum
779 2830 862 2895 circa
885 2828 1043 2914 quandam
1073 2848 1213 2893 muscam
1237 2825 1410 2911 gentilium

825 2944 844 2978 *lt

334 3020 347 3073 1
368 3019 421 3072 Am
439 3019 732 3075 wahrsoheinlichsten
750 3019 800 3084 ist,
820 3017 885 3074 dass
904 3017 944 3072 sie
961 3017 991 3072 in
1011 3015 1178 3072 Antiochien
1197 3016 1327 3086 gelitten,
1347 3013 1410 3070 weil

263 3105 312 3161 der
330 3105 424 3176 lrdnig,
443 3107 492 3163 der
510 3107 556 3163 bei
574 3108 665 3163 ihrsm
681 3109 747 3164 todo
765 3123 890 3177 augegen
910 3123 978 3170 war,
997 3104 1062 3161 dort
1081 3103 1233 3159 residisrte.
1313 3103 1331 3158 2
1350 3103 1412 3157 Von

263 3192 662 3264 denschiffspstronenwollte
681 3213 731 3250 aus
751 3195 814 3250 neid
834 3195 890 3249 und
903 3193 1056 3250 eifersucbt
1074 3193 1119 3248 ein
1134 3193 1215 3264 jeder
1233 3191 1410 3263 seinepilgsr

264 3283 398 3350 gatrennt
416 3300 452 3336 an
467 3282 512 3338 die
529 3282 567 3338 hl.
579 3286 687 3340 stetten
702 3283 812 3349 fhhreu,
831 3283 876 3337 die
887 3281 980 3352 pilger
993 3280 1120 3350 dagegeu
1131 3279 1188 3334 und
1199 3279 1245 3334 die
1262 3279 1410 3334 »Macron«

264 3368 440 3434 sementen,
470 3371 534 3425 dass
561 3371 641 3427 beide
660 3371 877 3442 gesellsehaften
896 3369 1005 3424 vereint
1033 3367 1108 3423 dices
1134 3367 1252 3424 hesuehe
1270 3367 1411 3422 moehler.

264 3457 305 3510 Im
321 3458 404 3528 jahre
423 3460 491 3515 1483
510 3463 635 3516 mussten
662 3461 707 3516 die
724 3460 816 3530 pilger
842 3459 908 3514 awai
927 3460 994 3528 tage
1012 3457 1111 3527 longer
1129 3473 1180 3512 vor
1198 3454 1272 3510 ste
1290 3454 1412 3520 hleiben‚

265 3544 326 3600 weil
346 3545 404 3600 sich
423 3545 468 3601 dio
485 3547 644 3605 nAmlichen
663 3551 783 3620 patrone
801 3549 875 3603 trotz
893 3546 941 3602 des
959 3545 1092 3600 anredeus
1111 3545 1158 3600 des
1177 3543 1333 3614 guardiuns
1350 3541 1410 3597 und

265 3631 315 3687 der
332 3634 407 3687 thrlr.
420 3633 553 3690 beamten
571 3636 649 3692 nicht
668 3655 731 3691 num
750 3635 959 3706 gemeinsamen
977 3633 1079 3688 bssuch
1097 3632 1146 3688 der
1164 3633 1203 3686 hl.
1222 3633 1332 3686 stttten
1351 3645 1412 3685 rer·

265 3721 364 3776 etehen
381 3721 505 3778 wollten.
543 3723 607 3778 Erst
625 3723 822 3780 entschiedsne
850 3721 1015 3791 drohungen
1033 3738 1088 3777 ron
1112 3720 1180 3776 saite
1205 3719 1254 3774 der
1271 3718 1347 3774 tdrlr.
1365 3717 1412 3772 be·

266 3809 363 3862 amten
389 3809 515 3865 lronnten
543 3810 617 3866 dieee
640 3811 882 3867 bedauernsrrerte
910 3808 1139 3879 hartnAckiglreit
1166 3807 1223 3863 und
1241 3803 1412 3860 unversbhn·

266 3895 382 3951 lichlreit
402 3896 528 3952 bruchen.
549 3897 631 3952 Fabri
647 3897 667 3963 1,
677 3899 729 3954 200
739 3897 767 3951 ff.
796 3895 885 3951 Unter
903 3895 996 3952 diesen
1014 3895 1125 3966 pilgern
1143 3892 1245 3950 befand
1263 3893 1322 3948 sich
1340 3891 1411 3947 such

267 3985 316 4040 der
334 3985 471 4053 gesandte
489 3985 537 4041 des
555 3985 654 4056 konigs
673 4004 726 4042 ron
747 3984 919 4041 Abossinien.
956 3983 1019 4055 Vgl.
1039 3985 1071 4038 61
1093 4001 1166 4038 unm.
1185 3983 1211 4037 3.
1282 3977 1411 4035 3Hicbei

266 4073 382 4127 wurden
400 4075 454 4129 dcn
472 4071 584 4142 pilgern
603 4091 667 4130 rom
685 4072 826 4144 guardian
853 4072 899 4129 dia
917 4069 1268 4142 rerhaltungsmuliregeln
1285 4068 1412 4122 bekannt

268 4162 407 4233 gemacht,
427 4163 472 4217 die
489 4162 671 4218 siewthrend
689 4163 766 4218 ihres
785 4161 975 4216 autenthultes
993 4160 1032 4214 im
1051 4157 1183 4216 hllande
1201 4173 1294 4228 genau
1313 4173 1346 4209 ru
1365 4155 1411 4209 be-

268 4251 369 4305 aehten
395 4251 509 4315 hatten,
536 4267 617 4305 wenn
644 4250 683 4306 sie
709 4249 767 4304 sich
795 4247 872 4302 nicht
896 4246 1003 4318 grosseu
1022 4243 1336 4302 unannebmliohlreiten
1354 4240 1411 4296 und

267 4341 379 4392 ernsten
398 4337 533 4408 gafahron
552 4341 696 4394 aussetnen
709 4337 831 4393 wollten.
867 4335 953 4390 Fabri
970 4335 991 4400 1,
1011 4336 1063 4391 212
1081 4333 1123 4389 bis
1140 4333 1191 4386 211
1210 4331 1289 4402 giebt
1307 4331 1346 4386 sis
1364 4346 1410 4383 am

268 4425 514 4482 nusfdhrlichsten.
