3056 4944
631 325 673 390 99

172 501 208 566 tt
222 523 313 566 mane
336 503 427 565 sexta
443 498 523 562 feria
536 503 693 564 venerunt
707 503 831 584 septem
846 498 969 580 cameli,
993 501 1072 566 bene
1091 501 1224 579 onerati,

101 609 244 688 portantes
267 627 376 690 panes,
402 606 520 684 botros,
544 605 722 688 angurias²
747 609 780 670 at
795 605 875 670 alios
890 604 1024 684 fruetus,
1049 628 1128 692 quos
1142 628 1225 672 erne-

99 717 160 777 mnt
174 713 333 798 peregrini
349 717 382 776 et
397 711 534 797 galeote.
564 709 709 776 Camelus
725 714 773 775 est
789 709 907 774 animal
924 709 1063 776 multum
1078 712 1227 792 deforme,

101 838 251 901 magnum,
285 818 383 882 altius
418 837 499 900 equo
521 837 657 900 magno,
691 821 724 880 et
745 815 956 881 communiter
984 837 1093 881 omnes
1115 817 1228 882 cameli

99 923 176 986 unius
197 923 312 988 eoloris
335 925 428 1000 sunt,
461 921 552 985 rubei
574 920 708 1000 eoloris,
741 920 789 984 ala
812 942 871 1005 eyn
898 921 1045 987 rotialbe.
1092 921 1149 987 Fst
1171 945 1225 987 au-

100 1031 151 1091 tem
171 1028 262 1092 valde
283 1026 367 1092 forte
389 1025 525 1104 animal,
557 1025 676 1090 habens
698 1025 833 1109 gippum
865 1025 898 1089 in
923 1027 1033 1106 dorso,
1063 1027 1101 1091 ad
1134 1049 1228 1112 quem

100 1133 309 1216 appenduntur
338 1153 449 1206 onera;
486 1135 594 1215 portat
624 1129 762 1198 faciliter
792 1130 921 1194 tertiam
946 1137 1068 1216 partem
1092 1133 1229 1217 plaustri

100 1237 152 1302 rini
167 1259 220 1321 per
235 1237 374 1323 triffl'nte
389 1240 422 1300 et
437 1235 574 1320 amplius
589 1235 739 1320 miliaria.
770 1235 922 1320 Magnum
939 1242 1081 1302 ventrem
1099 1239 1228 1317 habena,

97 1341 196 1406 uallum
219 1343 363 1426 longum,
386 1344 482 1424 eaput
506 1361 649 1425 parvum,
673 1361 764 1405 aures
789 1340 911 1420 breves,
934 1342 1042 1408 oeulos
1065 1348 1101 1408 ut
1124 1365 1229 1427 capra,

98 1448 226 1512 extendit
256 1467 382 1530 semper
414 1450 511 1529 eaput
533 1466 657 1510 sursum
681 1451 719 1510 ut
741 1465 834 1530 grus,
870 1445 967 1531 longa
996 1469 1104 1528 eruta,
1134 1449 1231 1534 pedes

98 1553 195 1618 melles
215 1553 286 1618 sine
308 1551 438 1637 ungulis
462 1557 495 1615 et
517 1551 644 1630 divisos,
666 1552 796 1616 eandam
822 1552 911 1636 quasi
928 1552 1024 1618 facea.
1069 1551 1230 1618 Sterneret

97 1657 169 1722 deut
182 1659 301 1737 azinus,
325 1657 443 1742 mingit
457 1657 666 1722 subtilissime
689 1660 726 1720 ut
748 1679 834 1740 aper,
857 1658 1018 1743 mugitum
1033 1659 1131 1725 habet
1153 1659 1229 1724 hor·

98 1761 229 1844 utilem,
255 1763 392 1828 eomedit
413 1762 522 1847 paleas
551 1767 584 1827 et
606 1763 711 1828 aridos
734 1763 877 1828 cardines
907 1765 941 1829 in
972 1764 1068 1848 agris.
1113 1763 1155 1828 Et
1184 1766 1232 1828 est

95 1867 159 1930 talis
179 1873 310 1932 nature:
343 1867 475 1946 Quando
508 1867 603 1932 debet
625 1868 772 1946 onerari,
796 1869 845 1933 vel
876 1871 916 1933 ab
939 1891 976 1934 eo
999 1869 1114 1934 debant
1135 1890 1233 1934 onera

96 1971 219 2056 deponi,
251 1973 397 2038 totaliter
419 1994 451 2037 se
474 1975 567 2056 ponit
589 1995 685 2057 super
707 1977 850 2039 ventrem
883 1978 916 2038 et
938 1978 1031 2038 eru‘ra
1053 1995 1109 2038 sua
1132 1978 1164 2038 et
1187 1974 1233 2038 sie

94 2084 289 2144 exoneratum
304 2078 418 2162 surgit.
464 2076 497 2142 Si
520 2081 628 2142 autern
642 2083 804 2158 oneratur,
820 2083 898 2144 tune
913 2079 1027 2162 surgit,
1044 2083 1076 2143 et
1092 2078 1118 2143 si
1134 2080 1233 2144 sentit

94 2203 164 2248 onus
185 2205 252 2249 esse
275 2204 371 2267 super
392 2204 482 2247 suam
505 2186 672 2263 naturam,
705 2189 782 2249 tune
803 2185 897 2268 ponit
919 2205 952 2248 se
974 2185 1088 2248 iterum
1114 2187 1147 2250 et
1170 2205 1232 2249 non

93 2289 195 2372 surgit,
218 2289 319 2354 donee
343 2288 440 2352 habet
461 2310 552 2353 suum
575 2310 665 2368 onus,
692 2290 776 2374 quod
799 2293 906 2374 potest
927 2293 1056 2374 portare
1079 2294 1138 2356 ete.

169 2392 256 2458 leffe
279 2398 328 2457 est
349 2393 381 2457 in
398 2392 509 2458 littore
534 2395 631 2458 maris
656 2397 688 2458 et
710 2397 758 2458 est
778 2401 890 2479 portus
906 2399 991 2460 terre
1008 2399 1125 2461 saneta.
1172 2393 1234 2460 Hie

93 2500 259 2564 natandum
295 2501 344 2562 est
375 2503 449 2562 ante
471 2498 594 2563 omnia:
630 2496 819 2583 Ubicunque
840 2499 1003 2567 invenitur
1024 2520 1101 2564 crux
1124 2501 1234 2582 rubea,

29 2623 32 2626 ·
94 2601 133 2667 ibi
154 2610 201 2668 est
224 2604 371 2689 plenarie
389 2603 531 2668 remissio
553 2608 690 2688 penset
712 2602 814 2686 culpe,
837 2603 892 2668 ubi
907 2626 983 2668 vero
999 2610 1133 2688 apparet
1155 2627 1233 2670 crux

92 2711 187 2794 nigra,
203 2710 251 2775 ibi
270 2713 348 2774 sunt
362 2712 484 2794 septem
501 2709 576 2773 anni
593 2713 625 2774 et
640 2713 762 2792 septem
779 2730 910 2774 earrene
925 2709 1199 2795 indulgentiarum
1209 2709 1232 2778 ².

93 2811 174 2881 Unda
188 2837 302 2882 omnes
319 2815 480 2880 venientes
496 2835 589 2880 eausa
604 2815 785 2879 devotionis
808 2819 841 2878 et
855 2814 1134 2899 peregrinationis,
1159 2837 1234 2880 eon-

90 2921 157 2987 iessi
179 2927 212 2988 et
234 2919 369 2988 enutriti
392 2921 430 2984 de
451 2919 589 3004 pateatis
610 2919 693 2998 suis,
727 2919 766 2982 ad
788 2919 929 3003 primum
960 2919 1130 2985 introitum
1153 2921 1236 2986 eirea

655 3069 675 3106 ἱ

153 3187 165 3240 1
188 3182 446 3240 Waasermelonen.
481 3181 527 3238 Sie
544 3181 659 3248 uurden
691 3181 733 3237 als
751 3181 797 3236 die
814 3180 912 3238 besten
930 3180 960 3236 in
980 3199 1053 3251 gana
1072 3179 1171 3251 Syrien
1189 3199 1237 3253 ge-

89 3273 187 3328 rahmt.
226 3271 346 3340 Tobler‚
366 3269 561 3341 Topographie
580 3287 635 3326 von
652 3269 807 3326 Jerusalem
833 3269 890 3323 und
915 3269 1009 3325 reinen
1030 3269 1236 3340 umgebungen.

91 3359 178 3416 Berlin
199 3359 281 3416 1854.
299 3358 334 3422 Il,
352 3359 412 3415 585.
502 3357 519 3412 2
538 3355 623 3411 Fabri
641 3355 662 3420 l,
680 3355 732 3410 194
750 3357 827 3424 sagt:
849 3355 1021 3425 »ubieunque
1039 3356 1153 3426 punitur
1171 3374 1238 3411 crux

88 3447 216 3520 simplex,
243 3447 286 3502 ibi
314 3449 357 3502 est
374 3444 554 3514 indulgentia
571 3443 731 3514 septennis,
759 3443 807 3497 nbi
827 3459 892 3498 rere
910 3443 1024 3512 ponitur
1043 3459 1109 3498 erux
1127 3444 1237 3514 duplex.

89 3539 127 3592 ert
138 3533 326 3606 indulgentia
337 3532 482 3604 plenariae
494 3531 664 3589 remissionis
684 3550 701 3586 a
715 3547 805 3602 poena
824 3533 854 3585 et
872 3530 1009 3601 aeulpa«
1047 3530 1127 3586 Diese
1139 3531 1239 3587 kreuae

90 3642 177 3682 waren
197 3623 271 3680 aber
289 3620 368 3678 nieht
386 3623 460 3677 etwa
484 3637 521 3675 an
547 3621 601 3675 den
619 3617 813 3674 betreffenden
831 3617 1052 3686 gnadanstatten
1071 3619 1191 3675 sendern
1209 3618 1238 3673 in

89 3713 187 3768 adirem
201 3709 299 3768 werlre
318 3727 354 3764 an
373 3710 427 3764 den
439 3709 540 3765 stellen
554 3707 737 3779 engebraeht,
757 3724 801 3763 we
819 3724 850 3762 er
862 3707 938 3761 diese
951 3709 1060 3763 etatten
1073 3707 1237 3766 besehreibt.

90 3797 216 3858 Walther
235 3800 292 3854 hat
309 3815 366 3852 nun
385 3796 416 3852 in
428 3799 530 3852 sainem
542 3797 633 3852 werke
645 3795 736 3852 weder
755 3795 800 3850 ein
812 3797 886 3851 retes
905 3795 976 3850 noeh
990 3795 1142 3851 sahwarzes
1154 3795 1238 3851 kreun

89 3887 127 3942 als
143 3889 260 3944 zeloten
281 3885 330 3940 des
342 3885 474 3949 ablueres,
492 3885 549 3940 und
568 3902 643 3940 muas
664 3883 739 3940 aeine
752 3883 926 3954 bemerlrung
939 3882 1169 3939 wabrseheinlich
1190 3883 1242 3938 ani

88 3975 129 4034 die
145 3975 352 4050 pilgerfflhrer‚
370 3975 474 4030 welche
500 3975 558 4030 fast
581 3973 661 4046 jeder
688 3973 781 4044 pilger
807 3973 836 4026 in
855 3971 968 4028 handen
995 3971 1090 4035 hatte,
1118 3969 1241 4038 beregen

88 4065 201 4120 werden.
241 4047 322 4118 llbei·
349 4061 394 4118 die
412 4062 604 4132 entwielrlung
632 4061 680 4117 des
699 4061 900 4116 ablateweaens
920 4059 977 4129 vgl.
997 4058 1042 4113 die
1069 4057 1149 4111 nieht
1167 4073 1239 4126 ganz

87 4151 227 4224 objelrtive
242 4149 425 4219 darstellung
442 4149 486 4204 bei
499 4148 610 4215 Tables,
630 4148 816 4204 Danlrblttter
834 4165 884 4202 aua
898 4147 1064 4202 Jerusalem.
1101 4143 1239 4199 Constans

88 4241 160 4298 1856.
178 4241 236 4297 498
256 4237 296 4301 ff..
315 4235 467 4293 auderdern
487 4237 635 4294 besonders
652 4235 846 4303 Quaresmius‚
865 4233 1017 4296 Himerius,
1035 4229 1194 4300 theologius
1212 4233 1242 4285 et

88 4329 200 4385 muralis
218 4327 330 4382 Terrae
356 4329 472 4381 sanetae
498 4324 664 4382 Elueidatie.
701 4321 979 4394 Antrerpiae.1689.
1003 4318 1023 4384 1,
1048 4319 1100 4374 355
1119 4317 1162 4371 bis
1180 4318 1241 4386 428,

86 4417 135 4474 443
152 4417 182 4474 ff.
202 4435 232 4472 ιι.
255 4431 285 4470 ιι.
302 4412 394 4470 rielen
413 4415 501 4472 ortas.

1041 4493 1086 4567 7*
