3062 4938
664 353 683 420 9

103 549 156 594 nec
176 528 315 614 amplius
331 528 482 594 tollerare
504 529 603 610 valeo,
628 552 688 615 que
711 535 743 596 et
765 531 859 598 corda
876 534 982 596 vestra
1004 531 1043 596 ad
1059 533 1246 598 condescen-

103 633 171 698 dum
191 631 200 669 ¹
224 635 330 700 anime
353 655 423 698 moe
438 634 601 718 mittigare
624 635 749 700 debent.
797 636 901 714 Quare
917 636 1057 702 finaliter
1080 641 1112 703 et
1128 637 1246 702 humil-

100 738 171 802 lime
193 743 227 804 et
250 739 411 820 obnixius,
436 762 498 825 quo
520 746 633 824 potero
657 745 689 806 et
711 742 820 822 debeo,
850 745 971 806 vestras
994 744 1188 808 reverentias
1211 765 1247 808 ac

101 845 310 927 paternitates
334 866 424 930 rogo,
457 850 494 910 ut
516 845 598 911 mihi
630 847 663 910 in
687 846 751 910 hiis
772 847 1020 912 misericorditer
1042 847 1247 926 subveniatis,

99 971 132 1014 ec
153 971 247 1033 pyam
272 949 435 1016 licentiam
458 951 553 1016 verbo
578 955 610 1016 et
632 951 752 1036 scripto
774 952 814 1016 ad
840 952 989 1017 standum
1013 953 1046 1018 iu
1070 952 1166 1017 Italia
1188 953 1246 1016 sub

100 1053 280 1120 obedientia
308 1057 418 1120 vicarii
440 1056 599 1141 generalia
632 1057 769 1122 fratrum
792 1058 950 1123 minorum
980 1057 1019 1123 de
1046 1057 1248 1123 observantia

98 1159 435 1226 ultramontanorum¹
459 1162 616 1245 prestetis.
664 1161 738 1228 Non
763 1163 848 1228 enim
872 1163 1042 1248 quiescam,
1066 1164 1165 1228 donec
1187 1185 1243 1246 ap·

98 1265 292 1348 prehendam
316 1266 373 1331 illa
387 1268 555 1351 supperius
576 1268 707 1334 inserte.
754 1267 869 1334 Melius
885 1269 969 1338 enim
984 1267 1065 1332 mihi
1087 1268 1150 1334 erit
1173 1290 1246 1352 per-

97 1371 166 1435 dere
181 1393 300 1456 corpus
316 1395 411 1457 quam
425 1373 573 1452 animam,
597 1373 695 1438 vitam
719 1373 961 1457 corruptibilem
984 1395 1080 1458 quam
1105 1378 1245 1438 eternam

99 1474 336 1543 beatitudinem.
386 1477 425 1542 Et
446 1483 482 1542 ut
497 1478 689 1542 satisfaciam
711 1479 902 1543 conscientie
925 1501 1002 1556 rnee,
1025 1479 1146 1562 scripto
1169 1500 1242 1542 exe·

95 1585 161 1646 rate
183 1581 218 1644 in
244 1582 308 1646 fine
330 1580 425 1646 huius
440 1583 600 1666 scripture
615 1583 841 1648 affirmativum
867 1584 916 1648 vel
932 1583 1127 1668 negativum,
1151 1583 1243 1667 quid-

95 1707 215 1771 cunque
252 1686 408 1770 placuerit
437 1687 537 1752 vobis.
591 1688 633 1753 Et
663 1689 792 1773 signata
822 1689 867 1753 sic
896 1688 1005 1756 littera
1037 1710 1095 1772 per
1124 1693 1245 1754 vestras

95 1791 305 1873 paternitates
326 1793 483 1858 remittite
511 1793 591 1858 mihi
614 1799 747 1878 propter
770 1793 918 1874 lhesum,
952 1816 1045 1879 quem
1079 1793 1180 1858 solum
1211 1794 1244 1858 in

94 1895 153 1962 hiis
176 1918 289 1982 quero,
312 1903 349 1962 ut
371 1899 479 1978 aciem,
504 1899 578 1984 quid
604 1898 682 1964 milri
706 1899 748 1964 sit
771 1921 810 1964 ex
833 1899 1036 1982 responsione
1052 1898 1243 1982 eligendum.

96 2000 185 2067 Hanc
199 2025 304 2068 meam
321 2003 442 2068 licitam
460 2003 650 2086 petitionem
666 2003 876 2080 subriserunt,
893 2025 955 2068 non
973 2009 1128 2082 curantes,
1144 2001 1242 2066 dirit-

95 2129 153 2192 qne
176 2130 261 2174 unus
278 2109 489 2174 diffinitorum
513 2108 593 2172 milri
610 2108 654 2199 ad
678 2108 807 2173 faciem:
834 2107 924 2191 >Ego
939 2107 1133 2191 scripsissem
1155 2106 1244 2172 vobis

93 2212 128 2276 ad
151 2214 247 2278 linem
264 2214 423 2298 scripture
438 2219 551 2294 vestre,
574 2215 602 2280 si
625 2236 689 2279 non
707 2214 836 2280 fuissem
859 2215 1074 2299 prohibitus«.
1120 2212 1243 2278 Deinde

94 2319 175 2384 tacui
200 2323 233 2384 et
256 2320 418 2404 patienter
440 2321 607 2405 expectavi
638 2321 748 2386 horam
773 2319 919 2386 lectionis
942 2319 1060 2386 tabule.
1106 2317 1243 2382 Auscul-

16 2441 17 2444 ’
94 2429 164 2490 tans
187 2425 348 2506 intellexi,
371 2449 420 2492 me
443 2426 541 2491 fixum
565 2426 597 2490 in
614 2426 807 2510 presidentia
831 2425 891 2490 loci
914 2429 1022 2491 sancte
1040 2422 1155 2488 Ursule
1177 2423 1242 2487 vir-

92 2531 176 2614 ginis
191 2529 214 2598 ³.
265 2530 394 2612 Verum,
417 2532 443 2596 si
465 2533 611 2597 deberem
636 2532 747 2597 cadere
769 2532 807 2596 de
829 2530 898 2596 celo
920 2531 960 2596 ad
975 2530 1113 2615 aliquem
1139 2527 1242 2594 locum

92 2637 264 2718 provincie,
296 2637 411 2704 vellem
434 2659 484 2702 me
507 2637 552 2702 ibi
576 2637 737 2716 cecidisse,
762 2637 838 2721 quia
859 2636 946 2702 locua
969 2637 1165 2713 abstractus,
1189 2635 1242 2700 de·

17 2767 18 2774 ¹
92 2747 193 2822 votus,
217 2763 349 2808 amenus
372 2749 405 2808 et
420 2743 554 2808 dilectus
569 2743 663 2808 credo
688 2742 746 2814 deo
769 2747 801 2808 et
817 2741 999 2806 hominibus
1022 2746 1079 2807 est.
1125 2738 1241 2804 Statim

93 2845 175 2913 lecta
198 2848 311 2914 tabula
335 2848 479 2914 invocavi
502 2849 668 2914 domiuum
691 2849 815 2914 dicens:
849 2847 896 2913 »Ο
918 2846 1163 2914 clementissime
1186 2845 1241 2910 do-

659 2972 675 3003 ὓ

162 3039 176 3094 1
195 3041 480 3098 condescendendum.
587 3041 603 3096 2
621 3040 673 3096 Die
684 3041 786 3096 fratres
799 3040 919 3096 minores
936 3041 971 3095 de
982 3035 1164 3096 observantia
1181 3051 1237 3090 aer·

91 3127 170 3183 delen
190 3129 220 3182 in
240 3129 309 3184 zvvei
327 3129 414 3200 grolle
433 3127 573 3194 familien,
602 3128 647 3184 die
675 3127 791 3204 familia·
808 3129 985 3184 cismontana
1003 3125 1062 3182 und
1084 3127 1241 3180 ultramon-

90 3219 167 3272 tana.
205 3217 232 3270 N
235 3219 288 3272 ach
300 3218 376 3273 einer
390 3217 565 3286 aulathlung
576 3217 626 3271 der
638 3221 759 3272 rectores
772 3217 981 3287 provinciarum
1001 3234 1065 3272 vom
1074 3214 1157 3285 jahre
1173 3211 1241 3267 1438

89 3303 261 3376 (Wadding,
290 3307 414 3361 Annales
438 3307 587 3361 minorum.
623 3305 729 3362 Romae
749 3307 825 3362 1784.
853 3305 898 3370 XI,
923 3307 967 3373 49)
995 3305 1110 3376 gehdrte
1137 3319 1170 3354 au
1199 3317 1242 3354 er·

89 3397 177 3448 aterer
205 3393 315 3450 familie
343 3393 453 3459 Italian,
481 3393 601 3458 Sicilien,
628 3389 799 3458 Dalmatica,
826 3393 992 3458 antnien,
1017 3389 1164 3446 Palestina
1181 3387 1241 3443 und

90 3479 137 3536 der
149 3480 279 3550 sonatige
291 3480 396 3544 Orient,
409 3499 441 3536 ru
456 3480 588 3538 letzterer
600 3480 735 3551 Spanien,
745 3481 890 3551 Portugal,
903 3478 1081 3542 l'ranlrrelch,
1095 3476 1239 3547 Burgund,

90 3567 232 3639 England,
246 3569 351 3632 lrlaud,
366 3569 565 3634 Dentschland,
581 3569 711 3632 Bthmem
732 3568 850 3639 Ungarn
869 3567 927 3622 und
950 3565 1061 3626 Daciam.
1098 3553 1237 3634 librigena

89 3655 164 3712 blieb
183 3657 259 3714 diere
278 3656 437 3727 cinteilnng
456 3656 534 3712 nicht
548 3657 647 3712 immer
666 3655 711 3712 die
730 3655 847 3726 gleiche.
885 3655 1020 3710 Dentschc
1033 3653 1238 3715 schriftstaller,

89 3745 139 3800 vie
157 3764 182 3800 a.
200 3747 227 3800 b.
247 3745 416 3814 Gleaberger
434 3747 505 3815 (vgl.
523 3743 682 3814 sinleitnug
700 3743 764 3813 ΧΠ)
794 3744 823 3799 iu
842 3745 896 3798 den
915 3743 1053 3798 Analecta
1081 3741 1139 3794 und
1168 3738 1238 3793 auch

91 3831 222 3888 Walther
241 3849 278 3888 eu
298 3849 412 3888 uuserer
430 3833 511 3888 atelle
531 3833 717 3888 vervechseln
742 3833 817 3889 diase
836 3832 998 3902 htufigersn
1017 3831 1074 3886 und
1094 3828 1238 3899 geviaser·

90 3921 193 3976 mallen
213 3921 364 3978 offlziellen
376 3921 589 3993 benennungen,
608 3921 665 3976 und
685 3937 795 3977 nennen
816 3939 869 3977 von
887 3921 979 3976 ihrem
990 3916 1169 3988 stendpnnlrt
1188 3931 1239 3968 aus

89 4006 133 4064 die
152 4011 231 4066 sonat
249 4009 426 4066 dementare
444 4011 587 4080 generate
614 4009 723 4066 familie
741 4010 957 4066 ultramontana
983 4009 1039 4063 und
1059 4001 1238 4074 umgelrehrt.

90 4095 158 4152 lede
176 4097 265 4152 dieser
283 4098 413 4154 familien
430 4097 512 4154 hatte
540 4099 593 4156 veit
614 4099 682 4156 1446
700 4098 751 4152 das
769 4097 856 4162 recht,
878 4099 960 4153 einen
978 4095 1095 4166 eigenen
1115 4089 1235 4146 vicarius

92 4185 230 4252 genemlia
247 4203 281 4240 ru
300 4186 420 4242 vahlen.
544 4191 561 4245 3
580 4188 666 4244 Locus
686 4205 706 4242 s.
726 4186 861 4252 Ursulea,
890 4187 987 4242 dassen
1006 4179 1235 4238 vorstandschaft

92 4257 222 4327 walthef
234 4273 423 4330 uberaehmen
436 4275 526 4336 sollte.
545 4276 583 4331 ist
594 4275 643 4331 der
658 4277 787 4338 convent,
800 4273 919 4329 vveleher
931 4289 968 4326 an
981 4269 1045 4325 dem
1059 4267 1120 4322 eina
1133 4266 1235 4321 stuude
1279 4305 1282 4312 -

94 4375 145 4414 rou
160 4357 291 4418 Steinaclr
309 4359 340 4416 in
355 4361 451 4418 Badan
463 4363 624 4420 entiernten
637 4363 836 4434 Fremersberg
854 4361 926 4434 liegt
943 4358 1001 4414 und
1022 4356 1089 4414 1451
1102 4352 1236 4410 errichtet

94 4448 201 4504 vordan
219 4465 287 4506 vvar.
324 4449 408 4507 Amal.
426 4449 513 4506 lraae.
532 4451 567 4518 11,
587 4453 647 4508 574.
