3062 4938
643 344 684 410 13

90 514 179 580 Ihesn
202 517 247 582 sit
270 539 408 602 semper,
431 519 485 603 qni
508 522 624 584 ennete
638 520 764 586 ordinat
782 520 992 585 servitoribus
1013 523 1078 588 suis
1101 524 1140 588 ad
1162 545 1237 607 pro·

90 619 223 684 fectum!
270 622 438 706 Expeditis
461 647 613 709 prospere
635 626 774 711 negotiis
797 627 915 692 ibidem
938 628 1061 709 gratias
1095 629 1152 694 deo
1175 629 1236 712 egi,
1255 649 1258 654 ·

88 725 293 810 inquantum
316 731 419 812 potui,
442 731 475 794 in
491 729 634 814 profesto
653 731 866 796 Exultationis
883 735 991 796 sancte
1013 735 1117 798 erucis
1140 737 1171 798 et
1186 755 1238 798 me

88 829 254 897 humiliter
276 835 480 902 committens
503 837 609 900 divine
631 836 800 902 clementie
822 837 1022 920 dispositioni
1054 841 1087 902 et
1108 838 1235 902 ordina·

87 935 161 1000 tioni
185 939 409 1025 dicebamque:
435 940 480 1006 »Ο
495 942 676 1006 duleissime
692 941 791 1008 Ihesn
807 941 950 1006 Christe!
973 941 1028 1025 qui
1052 965 1124 1008 eum
1145 945 1238 1026 patre

86 1045 137 1104 tuo
167 1047 203 1107 et
225 1045 345 1128 spiritu
366 1051 475 1112 saneto
506 1051 620 1112 cuneta
642 1048 784 1132 disponis
816 1053 848 1113 et
871 1047 971 1133 regis,
1005 1049 1135 1114 ostende
1157 1049 1236 1114 milri

87 1147 220 1230 indigno
235 1149 360 1216 famulo
375 1154 431 1216 tuo
447 1153 541 1231 viam,
565 1175 737 1237 perquam
752 1153 913 1218 ambulem
934 1155 967 1216 in
984 1153 1148 1218 voluntate
1163 1157 1235 1228 tua;

86 1255 118 1314 tu
133 1253 222 1318 enim
238 1255 323 1320 nosti
339 1261 461 1322 ennete.
506 1256 539 1322 Si
556 1259 641 1322 enim
664 1281 727 1322 non
744 1259 918 1331 debetesse
933 1258 1002 1322 lans
1017 1261 1074 1322 tua
1096 1239 1128 1323 et
1150 1258 1235 1322 sslns

85 1359 187 1424 anime
212 1382 292 1440 mee,
316 1382 396 1446 rogo
418 1367 451 1428 te
473 1385 531 1448 per
553 1368 643 1428 tuam
665 1345 1164 1443 infinitum,miserioordiam„nt
1185 1385 1236 1428 me

85 1463 221 1529 dulciter
244 1469 411 1550 prevenias
441 1474 473 1534 et
495 1470 908 1554 potentialiterimpedias.
956 1468 989 1533 Si
1012 1472 1120 1534 autem
1142 1469 1244 1533 debet

85 1589 146 1634 esse
168 1572 278 1654 gloria
300 1577 333 1636 et
356 1573 458 1640 honor
479 1579 564 1656 tuus,
587 1576 776 1660 suppliciter
797 1575 945 1653 obseoro,
964 1577 1016 1638 'nt
1047 1577 1104 1638 tua
1125 1577 1236 1638 saneto

84 1695 167 1754 erus,
193 1676 226 1740 id
251 1681 309 1756 est,
332 1681 369 1742 tn
384 1680 509 1746 domine
527 1680 622 1746 lhesu
638 1679 774 1760 Christe,
799 1681 853 1765 qni
877 1702 936 1764 pro
952 1679 1100 1744 omnibus
1116 1699 1234 1761 pepen-

84 1778 154 1844 disti
180 1781 214 1844 in
240 1805 343 1864 oruee,
365 1807 490 1852 meeum
513 1787 673 1866 ambules,
697 1807 822 1851 meeum
843 1789 922 1864 stes,
943 1797 1079 1850 'meeum
1100 1782 1235 1862 labores,

84 1907 131 1950 me
153 1887 296 1968 adiuves,
319 1911 371 1954 me
394 1895 562 1974 protegas,
584 1892 669 1956 viam
691 1913 794 1956 meam
817 1891 948 1976 dirigas,
980 1893 1178 1956 aetus'meos
1200 1887 1234 1950 in

85 1991 283 2076 beneplacito
305 1998 362 2060 tuo
378 1997 527 2080 disponas
550 2001 583 2061 et
605 1997 638 2060 in
655 1998 812 2074 omnibus,
836 2017 897 2080 qne
912 1999 987 2060 suut
1001 1993 1114 2058 salutis
1129 1993 1234 2058 anime

84 2101 114 2160 et
134 2099 291 2181 eorporis,
314 2101 561 2185 prosperitatem
576 2103 736 2182 concedas,
749 2105 792 2166 *et
808 2101 848 2166 ab
863 2101 1010 2166 omnibns
1026 2099 1149 2164 insidiis
1173 2099 1234 2162 ini·

82 2203 238 2270 micorum
260 2227 405 2271 meorum
428 2207 665 2284 visibiliumet
688 2206 897 2272 invisibilium
927 2228 979 2271 me
1002 2203 1170 2284 defendas,
1203 2207 1235 2268 et

83 2308 188 2372 omnia
203 2311 370 2396 impedi[p.
389 2309 541 2399 7]menta,
558 2333 619 2397 que
633 2334 684 2376 me
700 2335 719 2376 a
734 2315 775 2390 te,
797 2309 891 2374 Ihesu
907 2333 976 2376 meo
992 2309 1119 2388 dilecto,
1142 2330 1233 2392 sepa-

85 2431 153 2476 rare
176 2419 329 2496 possunt,
354 2437 528 2482 amoveas<
576 2414 743 2500 Completa
764 2415 908 2481 oratione
931 2415 1078 2479 exultans
1100 2414 1234 2498 spiritus

83 2536 170 2581 mens
186 2519 274 2584 intra
296 2541 347 2584 me
370 2525 402 2584 et
418 2521 482 2586 leta
498 2522 582 2586 faeta
605 2525 652 2585 est
668 2521 775 2585 anima
795 2541 865 2584 mea
888 2520 921 2584 in
937 2520 1071 2584 salutari
1094 2521 1145 2584 dei
1159 2520 1233 2584 mei.

84 2621 224 2709 Surgens
252 2647 326 2691 eum
349 2627 465 2710 gaudio
487 2627 619 2692 sabbato
651 2627 673 2692 i.
697 2649 722 2692 e.
748 2626 789 2691 15
813 2626 864 2690 die
886 2625 1004 2690 mensis
1026 2622 1233 2708 Septembris,

85 2733 116 2793 εὴ
145 2731 230 2796 dieta
262 2731 456 2798 confessione
488 2732 661 2796 venerabili
690 2731 776 2816 patri
800 2729 986 2796 Leonhardo
1019 2733 1051 2792 et
1073 2729 1233 2795 celebrata

84 2835 179 2900 missa
207 2837 247 2900 de
269 2837 410 2920 gloriosa
437 2839 562 2924 virgine
585 2837 689 2902 Maria
720 2857 756 2900 ao
777 2839 880 2900 matre
912 2856 984 2900 mea
1005 2833 1232 2917 specialissima

85 2945 117 3004 et
137 2946 266 3026 sumpta
289 2943 380 3028 larga
396 2943 566 3008 refectione
589 2946 622 3008 et
644 2943 689 3007 sie
705 2941 842 3006 refectus
863 2945 969 3006 mente
992 2943 1025 3004 et
1045 2961 1176 3023 corpore
1200 2945 1233 3004 et

85 3045 246 3112 valedictis
280 3049 427 3114 omnibus
464 3053 532 3114 tam
573 3049 728 3114 fratribus
760 3070 856 3133 quam
884 3045 1079 3110 secularibus
1108 3044 1229 3127 arripui

85 3151 145 3215 iter
166 3153 217 3217 die
240 3157 274 3218 et
289 3175 372 3219 anno
394 3159 543 3238 utsupra
558 3175 665 3219 versus
680 3157 805 3218 montes
822 3151 1073 3236 Lompnrdorum
1098 3154 1133 3214 nt
1150 3149 1231 3214 alter

85 3255 232 3338 Thobias,
257 3260 312 3344 qui
335 3261 506 3326 assumatos
529 3259 644 3325 babuit
666 3259 817 3344 angelum
838 3257 1034 3342 Raphaelem
1058 3259 1090 3320 et
1112 3277 1231 3322 canem.

87 3359 136 3427 Sie
157 3366 260 3430 socius
282 3387 371 3430 meus
393 3371 430 3430 ut
452 3367 585 3450 angelus
607 3366 773 3432 ambulans
803 3369 835 3429 et
862 3363 950 3429 oanis
973 3363 1118 3447 qnidam,
1150 3363 1231 3428 mihi

87 3489 141 3551 per
162 3471 354 3555 gardianum
387 3472 526 3536 eiusdem
548 3473 722 3537 conventus
745 3470 932 3548 associatus,
961 3467 1069 3532 fideles
1092 3468 1154 3532 mei
1177 3490 1230 3533 eo-

89 3577 177 3640 mites
192 3577 379 3641 existerunt.
419 3576 486 3660 ligo
500 3599 576 3642 vero
591 3577 669 3660 ipsis
689 3579 726 3641 ut
743 3575 957 3659 pauperculus
973 3573 1073 3639 frater
1089 3577 1121 3637 et
1137 3573 1231 3638 homo

90 3685 229 3762 peccator
259 3683 305 3746 sio
328 3682 492 3746 exordiens
523 3681 622 3746 viam:
657 3679 793 3766 Signans
824 3703 875 3744 me
898 3681 1002 3764 primo
1028 3701 1101 3743 oum
1123 3683 1232 3742 saneta

92 3807 175 3852 eruce
198 3787 315 3868 dicens,
338 3791 374 3850 ut
396 3788 503 3871 potui:
539 3786 595 3851 »ln
617 3787 748 3852 nomine
771 3787 872 3871 patris
901 3790 933 3850 et
956 3786 1014 3850 lilii
1045 3788 1077 3850 et
1099 3785 1231 3868 spiritus

92 3893 194 3957 saneti.
241 3892 375 3956 Amorne
429 3891 563 3956 Demum
593 3891 818 3975 antiphonam:
855 3889 936 3954 »Per
964 3891 1093 3974 signum
1123 3892 1231 3952 sancte

93 3998 186 4060 erneis
208 4000 229 4080 †
252 3997 369 4062 liberet
390 4017 448 4060 nos
470 3996 546 4060 deus
567 3999 675 4060 noster
697 3996 735 4060 de
758 3995 896 4059 inimicis
919 3995 1068 4072 nostris«,
1093 3997 1125 4058 et
1146 3993 1230 4056 anti-

93 4103 237 4185 phonam:
270 4103 369 4168 »lieee
391 4125 516 4168 erucem
539 4103 560 4186 †
582 4101 712 4180 domini,
736 4100 840 4184 fugite
861 4103 969 4184 partes
992 4099 1130 4175 adverse,
1154 4097 1231 4161 vieit

95 4207 137 4272 leo
166 4210 203 4273 de
231 4209 320 4274 tribu
341 4205 443 4287 Juda,
473 4209 564 4272 radix
587 4207 701 4287 David,
723 4207 883 4290 alleluja«.
930 4205 1065 4271 Demum
1087 4224 1230 4267 versum:

96 4311 216 4378 »Omnis
238 4317 325 4378 terra
346 4315 457 4378 adoret
479 4317 511 4378 te
535 4316 566 4377 et
588 4313 706 4397 psallat
728 4313 804 4388 tibi;
828 4311 987 4396 psalmum
1009 4309 1093 4371 dieat
1109 4309 1230 4372 nomini

94 4421 143 4482 tuo
164 4419 297 4486 domine.
321 4416 464 4484 Oremus.
510 4418 670 4504 Perpetua
691 4439 758 4498 nos,
790 4438 960 4502 quesumus
983 4413 1125 4492 domine,
1153 4435 1230 4499 paee
