<?xml version="1.0" encoding="UTF-8"?>
<!DOCTYPE html PUBLIC "-//W3C//DTD XHTML 1.0 Transitional//EN"
    "http://www.w3.org/TR/xhtml1/DTD/xhtml1-transitional.dtd">
<html xmlns="http://www.w3.org/1999/xhtml" xml:lang="en" lang="en">
 <head>
  <title>
</title>
<meta http-equiv="Content-Type" content="text/html;charset=utf-8" />
  <meta name='ocr-system' content='tesseract 3.04.00' />
  <meta name='ocr-capabilities' content='ocr_page ocr_carea ocr_par ocr_line ocrx_word'/>
</head>
<body>
  <div class='ocr_page' id='page_1' title='image "./fratrispauliwal01waltgoog_0293.png"; bbox 0 0 3054 4944; ppageno 0'>
   <div class='ocr_carea' id='block_1_1' title="bbox 787 327 852 394">
    <p class='ocr_par' dir='ltr' id='par_1_1' title="bbox 787 327 852 394">
     <span class='ocr_line' id='line_1_1' title="bbox 787 327 852 394; baseline 0.031 -2"><span class='ocrx_word' id='word_1_1' title='bbox 787 327 852 394; x_wconf 79' lang='lat'><strong>268</strong></span> 
     </span>
    </p>
   </div>
   <div class='ocr_carea' id='block_1_2' title="bbox 244 501 1399 4149">
    <p class='ocr_par' dir='ltr' id='par_1_2' title="bbox 244 501 1399 2692">
     <span class='ocr_line' id='line_1_2' title="bbox 247 501 1399 589; baseline 0.002 -23"><span class='ocrx_word' id='word_1_2' title='bbox 247 525 309 588; x_wconf 87' lang='lat' dir='ltr'><strong>qua</strong></span> <span class='ocrx_word' id='word_1_3' title='bbox 332 501 508 567; x_wconf 88' lang='lat' dir='ltr'><strong>necessaria</strong></span> <span class='ocrx_word' id='word_1_4' title='bbox 542 523 601 585; x_wconf 91' lang='lat' dir='ltr'><strong>pro</strong></span> <span class='ocrx_word' id='word_1_5' title='bbox 624 501 850 568; x_wconf 77' lang='lat' dir='ltr'><strong>exercitatione</strong></span> <span class='ocrx_word' id='word_1_6' title='bbox 874 502 1000 586; x_wconf 90' lang='lat' dir='ltr'><strong>piarum</strong></span> <span class='ocrx_word' id='word_1_7' title='bbox 1021 504 1179 570; x_wconf 90' lang='lat' dir='ltr'><strong>mentium</strong></span> <span class='ocrx_word' id='word_1_8' title='bbox 1202 525 1399 589; x_wconf 88' lang='lat' dir='ltr'><strong>percurrere,</strong></span> 
     </span>
     <span class='ocr_line' id='line_1_3' title="bbox 246 606 1396 694; baseline 0.001 -22"><span class='ocrx_word' id='word_1_9' title='bbox 246 607 430 693; x_wconf 86' lang='lat' dir='ltr'><strong>amplasque</strong></span> <span class='ocrx_word' id='word_1_10' title='bbox 453 606 603 671; x_wconf 90' lang='lat' dir='ltr'><strong>materias</strong></span> <span class='ocrx_word' id='word_1_11' title='bbox 627 607 660 672; x_wconf 94' lang='lat' dir='ltr'><strong>in</strong></span> <span class='ocrx_word' id='word_1_12' title='bbox 684 608 810 672; x_wconf 83' lang='lat' dir='ltr'><strong>brevem</strong></span> <span class='ocrx_word' id='word_1_13' title='bbox 832 608 967 671; x_wconf 89' lang='lat' dir='ltr'><strong>formam</strong></span> <span class='ocrx_word' id='word_1_14' title='bbox 991 608 1134 694; x_wconf 82' lang='lat' dir='ltr'><strong>redigere</strong></span> <span class='ocrx_word' id='word_1_15' title='bbox 1157 613 1190 674; x_wconf 91' lang='lat' dir='ltr'><strong>et</strong></span> <span class='ocrx_word' id='word_1_16' title='bbox 1211 609 1322 694; x_wconf 85' lang='lat' dir='ltr'><strong>alique</strong></span> <span class='ocrx_word' id='word_1_17' title='bbox 1345 631 1396 674; x_wconf 90' lang='lat' dir='ltr'><strong>re·</strong></span> 
     </span>
     <span class='ocr_line' id='line_1_4' title="bbox 247 712 1398 800; baseline 0.003 -25"><span class='ocrx_word' id='word_1_18' title='bbox 247 733 373 791; x_wconf 87' lang='lat' dir='ltr'><strong>novare,</strong></span> <span class='ocrx_word' id='word_1_19' title='bbox 396 732 433 776; x_wconf 90' lang='lat' dir='ltr'><strong>ac</strong></span> <span class='ocrx_word' id='word_1_20' title='bbox 454 712 561 776; x_wconf 88' lang='lat' dir='ltr'><strong>omnia</strong></span> <span class='ocrx_word' id='word_1_21' title='bbox 588 713 647 776; x_wconf 94' lang='lat' dir='ltr'><strong>sub</strong></span> <span class='ocrx_word' id='word_1_22' title='bbox 670 712 852 777; x_wconf 89' lang='lat' dir='ltr'><strong>testimonio</strong></span> <span class='ocrx_word' id='word_1_23' title='bbox 875 712 1022 778; x_wconf 78' lang='lat' dir='ltr'><strong>veritatis</strong></span> <span class='ocrx_word' id='word_1_24' title='bbox 1046 712 1092 800; x_wconf 93' lang='lat' dir='ltr'><strong>[p.</strong></span> <span class='ocrx_word' id='word_1_25' title='bbox 1121 713 1206 798; x_wconf 82' lang='lat'><strong>124],</strong></span> <span class='ocrx_word' id='word_1_26' title='bbox 1231 717 1263 779; x_wconf 90' lang='lat' dir='ltr'><strong>et</strong></span> <span class='ocrx_word' id='word_1_27' title='bbox 1286 715 1398 780; x_wconf 89' lang='lat' dir='ltr'><strong>eadem</strong></span> 
     </span>
     <span class='ocr_line' id='line_1_5' title="bbox 244 815 1398 906; baseline 0.003 -26"><span class='ocrx_word' id='word_1_28' title='bbox 244 816 428 900; x_wconf 80' lang='lat' dir='ltr'><strong>inscriptis</strong></span> <span class='ocrx_word' id='word_1_29' title='bbox 450 815 523 880; x_wconf 86' lang='lat' dir='ltr'><strong>aliis</strong></span> <span class='ocrx_word' id='word_1_30' title='bbox 537 815 675 881; x_wconf 76' lang='lat' dir='ltr'><strong>libenter</strong></span> <span class='ocrx_word' id='word_1_31' title='bbox 692 818 931 895; x_wconf 84' lang='lat' dir='ltr'><strong>communicare,</strong></span> <span class='ocrx_word' id='word_1_32' title='bbox 954 839 994 882; x_wconf 88' lang='lat' dir='ltr'><strong>na</strong></span> <span class='ocrx_word' id='word_1_33' title='bbox 1017 840 1134 906; x_wconf 85' lang='lat' dir='ltr'><strong>arguar</strong></span> <span class='ocrx_word' id='word_1_34' title='bbox 1153 819 1398 906; x_wconf 75' lang='lat' dir='ltr'><strong>ingratitudinis</strong></span> 
     </span>
     <span class='ocr_line' id='line_1_6' title="bbox 246 922 1397 1009; baseline 0.003 -23"><span class='ocrx_word' id='word_1_35' title='bbox 246 922 367 1006; x_wconf 86' lang='lat' dir='ltr'><strong>peccati</strong></span> <span class='ocrx_word' id='word_1_36' title='bbox 392 926 524 1006; x_wconf 88' lang='lat' dir='ltr'><strong>propter</strong></span> <span class='ocrx_word' id='word_1_37' title='bbox 539 922 689 1006; x_wconf 75' lang='lat' dir='ltr'><strong>specialia</strong></span> <span class='ocrx_word' id='word_1_38' title='bbox 711 922 864 987; x_wconf 88' lang='lat' dir='ltr'><strong>beneficia</strong></span> <span class='ocrx_word' id='word_1_39' title='bbox 887 923 966 987; x_wconf 90' lang='lat' dir='ltr'><strong>mihi</strong></span> <span class='ocrx_word' id='word_1_40' title='bbox 983 925 1097 990; x_wconf 90' lang='lat' dir='ltr'><strong>misero</strong></span> <span class='ocrx_word' id='word_1_41' title='bbox 1114 926 1273 1009; x_wconf 89' lang='lat' dir='ltr'><strong>peccatori</strong></span> <span class='ocrx_word' id='word_1_42' title='bbox 1296 947 1316 988; x_wconf 89' lang='lat' dir='ltr'><strong>a</strong></span> <span class='ocrx_word' id='word_1_43' title='bbox 1339 925 1397 990; x_wconf 87' lang='lat' dir='ltr'><strong>deo</strong></span> 
     </span>
     <span class='ocr_line' id='line_1_7' title="bbox 249 1026 1398 1110; baseline 0.003 -19"><span class='ocrx_word' id='word_1_44' title='bbox 249 1027 495 1092; x_wconf 82' lang='lat' dir='ltr'><strong>misericorditer</strong></span> <span class='ocrx_word' id='word_1_45' title='bbox 528 1029 560 1091; x_wconf 88' lang='lat' dir='ltr'><strong>et</strong></span> <span class='ocrx_word' id='word_1_46' title='bbox 581 1026 717 1110; x_wconf 89' lang='lat' dir='ltr'><strong>largiter</strong></span> <span class='ocrx_word' id='word_1_47' title='bbox 740 1027 893 1092; x_wconf 83' lang='lat' dir='ltr'><strong>exhibita.</strong></span> <span class='ocrx_word' id='word_1_48' title='bbox 939 1027 1025 1094; x_wconf 88' lang='lat' dir='ltr'><strong>Malo</strong></span> <span class='ocrx_word' id='word_1_49' title='bbox 1049 1029 1133 1094; x_wconf 90' lang='lat' dir='ltr'><strong>enim</strong></span> <span class='ocrx_word' id='word_1_50' title='bbox 1168 1052 1238 1095; x_wconf 90' lang='lat' dir='ltr'><strong>cum</strong></span> <span class='ocrx_word' id='word_1_51' title='bbox 1262 1029 1398 1095; x_wconf 88' lang='lat' dir='ltr'><strong>muliere</strong></span> 
     </span>
     <span class='ocr_line' id='line_1_8' title="bbox 247 1132 1397 1217; baseline 0.002 -21"><span class='ocrx_word' id='word_1_52' title='bbox 247 1132 458 1216; x_wconf 76' lang='lat' dir='ltr'><strong>paupercule,</strong></span> <span class='ocrx_word' id='word_1_53' title='bbox 481 1137 578 1215; x_wconf 92' lang='lat' dir='ltr'><strong>prout</strong></span> <span class='ocrx_word' id='word_1_54' title='bbox 606 1132 742 1197; x_wconf 88' lang='lat' dir='ltr'><strong>habetur</strong></span> <span class='ocrx_word' id='word_1_55' title='bbox 767 1132 866 1197; x_wconf 90' lang='lat' dir='ltr'><strong>Marci</strong></span> <span class='ocrx_word' id='word_1_56' title='bbox 891 1132 932 1196; x_wconf 88' lang='grc'><strong>12</strong></span> <span class='ocrx_word' id='word_1_57' title='bbox 955 1133 1107 1217; x_wconf 88' lang='lat' dir='ltr'><strong>capitulo,</strong></span> <span class='ocrx_word' id='word_1_58' title='bbox 1131 1135 1193 1200; x_wconf 92' lang='lat' dir='ltr'><strong>duo</strong></span> <span class='ocrx_word' id='word_1_59' title='bbox 1216 1135 1342 1200; x_wconf 89' lang='lat' dir='ltr'><strong>minuta</strong></span> <span class='ocrx_word' id='word_1_60' title='bbox 1364 1134 1397 1199; x_wconf 91' lang='lat' dir='ltr'><strong>in</strong></span> 
     </span>
     <span class='ocr_line' id='line_1_9' title="bbox 245 1235 1397 1325; baseline 0.001 -23"><span class='ocrx_word' id='word_1_61' title='bbox 245 1237 496 1322; x_wconf 79' lang='lat' dir='ltr'><strong>gazophilacium</strong></span> <span class='ocrx_word' id='word_1_62' title='bbox 523 1237 642 1302; x_wconf 90' lang='lat' dir='ltr'><strong>domini</strong></span> <span class='ocrx_word' id='word_1_63' title='bbox 666 1238 727 1301; x_wconf 89' lang='lat' dir='ltr'><strong>mei</strong></span> <span class='ocrx_word' id='word_1_64' title='bbox 745 1237 839 1302; x_wconf 89' lang='lat' dir='ltr'><strong>lhesu</strong></span> <span class='ocrx_word' id='word_1_65' title='bbox 861 1235 981 1303; x_wconf 85' lang='lat' dir='ltr'><strong>Christi</strong></span> <span class='ocrx_word' id='word_1_66' title='bbox 997 1259 1125 1322; x_wconf 89' lang='lat' dir='ltr'><strong>ponere,</strong></span> <span class='ocrx_word' id='word_1_67' title='bbox 1149 1263 1246 1325; x_wconf 88' lang='lat' dir='ltr'><strong>quam</strong></span> <span class='ocrx_word' id='word_1_68' title='bbox 1268 1239 1397 1324; x_wconf 89' lang='lat' dir='ltr'><strong>penitus</strong></span> 
     </span>
     <span class='ocr_line' id='line_1_10' title="bbox 245 1343 1396 1428; baseline 0.002 -22"><span class='ocrx_word' id='word_1_69' title='bbox 245 1343 286 1407; x_wconf 90' lang='lat' dir='ltr'><strong>ab</strong></span> <span class='ocrx_word' id='word_1_70' title='bbox 309 1343 374 1406; x_wconf 91' lang='lat' dir='ltr'><strong>eius</strong></span> <span class='ocrx_word' id='word_1_71' title='bbox 397 1343 554 1426; x_wconf 87' lang='lat' dir='ltr'><strong>preconiis</strong></span> <span class='ocrx_word' id='word_1_72' title='bbox 577 1343 818 1407; x_wconf 86' lang='lat' dir='ltr'><strong>obmutescente</strong></span> <span class='ocrx_word' id='word_1_73' title='bbox 841 1343 954 1428; x_wconf 89' lang='lat' dir='ltr'><strong>lingua</strong></span> <span class='ocrx_word' id='word_1_74' title='bbox 977 1365 1109 1410; x_wconf 87' lang='lat' dir='ltr'><strong>cessare.</strong></span> <span class='ocrx_word' id='word_1_75' title='bbox 1156 1343 1240 1410; x_wconf 89' lang='lat' dir='ltr'><strong>Nam</strong></span> <span class='ocrx_word' id='word_1_76' title='bbox 1263 1345 1297 1409; x_wconf 92' lang='lat' dir='ltr'><strong>in</strong></span> <span class='ocrx_word' id='word_1_77' title='bbox 1321 1365 1396 1410; x_wconf 87' lang='lat' dir='ltr'><strong>eon·</strong></span> 
     </span>
     <span class='ocr_line' id='line_1_11' title="bbox 247 1447 1396 1536; baseline 0.001 -24"><span class='ocrx_word' id='word_1_78' title='bbox 247 1449 424 1513; x_wconf 84' lang='lat' dir='ltr'><strong>structione</strong></span> <span class='ocrx_word' id='word_1_79' title='bbox 447 1447 543 1514; x_wconf 88' lang='lat' dir='ltr'><strong>arche</strong></span> <span class='ocrx_word' id='word_1_80' title='bbox 564 1449 749 1513; x_wconf 86' lang='lat' dir='ltr'><strong>testamenti</strong></span> <span class='ocrx_word' id='word_1_81' title='bbox 764 1449 912 1514; x_wconf 91' lang='lat' dir='ltr'><strong>nonnulli</strong></span> <span class='ocrx_word' id='word_1_82' title='bbox 935 1471 1058 1526; x_wconf 91' lang='lat' dir='ltr'><strong>aurum,</strong></span> <span class='ocrx_word' id='word_1_83' title='bbox 1083 1450 1210 1535; x_wconf 88' lang='lat' dir='ltr'><strong>quidam</strong></span> <span class='ocrx_word' id='word_1_84' title='bbox 1227 1453 1396 1536; x_wconf 84' lang='lat' dir='ltr'><strong>argentum</strong></span> 
     </span>
     <span class='ocr_line' id='line_1_12' title="bbox 247 1552 1397 1642; baseline 0 -25"><span class='ocrx_word' id='word_1_85' title='bbox 247 1556 318 1632; x_wconf 82' lang='lat' dir='ltr'><strong>etc,</strong></span> <span class='ocrx_word' id='word_1_86' title='bbox 343 1552 490 1618; x_wconf 90' lang='lat' dir='ltr'><strong>nonnulli</strong></span> <span class='ocrx_word' id='word_1_87' title='bbox 507 1573 581 1632; x_wconf 80' lang='lat' dir='ltr'><strong>vero</strong></span> <span class='ocrx_word' id='word_1_88' title='bbox 598 1553 675 1617; x_wconf 84' lang='lat' dir='ltr'><strong>viles</strong></span> <span class='ocrx_word' id='word_1_89' title='bbox 698 1552 781 1637; x_wconf 90' lang='lat' dir='ltr'><strong>pilos</strong></span> <span class='ocrx_word' id='word_1_90' title='bbox 797 1575 964 1636; x_wconf 89' lang='lat' dir='ltr'><strong>caprarum</strong></span> <span class='ocrx_word' id='word_1_91' title='bbox 980 1554 1177 1642; x_wconf 83' lang='lat' dir='ltr'><strong>obtulerunt,</strong></span> <span class='ocrx_word' id='word_1_92' title='bbox 1201 1559 1238 1618; x_wconf 88' lang='lat' dir='ltr'><strong>ut</strong></span> <span class='ocrx_word' id='word_1_93' title='bbox 1261 1554 1397 1618; x_wconf 88' lang='lat' dir='ltr'><strong>habetur</strong></span> 
     </span>
     <span class='ocr_line' id='line_1_13' title="bbox 249 1657 1397 1743; baseline 0.002 -22"><span class='ocrx_word' id='word_1_94' title='bbox 249 1657 349 1724; x_wconf 69' lang='lat' dir='ltr'><strong>rhodi</strong></span> <span class='ocrx_word' id='word_1_95' title='bbox 374 1660 414 1723; x_wconf 85' lang='lat'><strong>25</strong></span> <span class='ocrx_word' id='word_1_96' title='bbox 431 1659 582 1743; x_wconf 86' lang='lat' dir='ltr'><strong>capitulo,</strong></span> <span class='ocrx_word' id='word_1_97' title='bbox 605 1659 823 1743; x_wconf 91' lang='lat' dir='ltr'><strong>unusquisque</strong></span> <span class='ocrx_word' id='word_1_98' title='bbox 838 1659 1008 1724; x_wconf 89' lang='lat' dir='ltr'><strong>seeundum</strong></span> <span class='ocrx_word' id='word_1_99' title='bbox 1025 1681 1116 1724; x_wconf 90' lang='lat' dir='ltr'><strong>suam</strong></span> <span class='ocrx_word' id='word_1_100' title='bbox 1133 1659 1329 1738; x_wconf 83' lang='lat' dir='ltr'><strong>facultatem,</strong></span> <span class='ocrx_word' id='word_1_101' title='bbox 1352 1659 1397 1723; x_wconf 90' lang='lat' dir='ltr'><strong>sic</strong></span> 
     </span>
     <span class='ocr_line' id='line_1_14' title="bbox 248 1763 1395 1848; baseline 0 -22"><span class='ocrx_word' id='word_1_102' title='bbox 248 1783 308 1848; x_wconf 89' lang='lat' dir='ltr'><strong>ego</strong></span> <span class='ocrx_word' id='word_1_103' title='bbox 330 1763 542 1848; x_wconf 89' lang='lat' dir='ltr'><strong>pauperculus</strong></span> <span class='ocrx_word' id='word_1_104' title='bbox 564 1763 674 1844; x_wconf 84' lang='lat' dir='ltr'><strong>frater,</strong></span> <span class='ocrx_word' id='word_1_105' title='bbox 697 1763 856 1830; x_wconf 85' lang='lat' dir='ltr'><strong>confidens</strong></span> <span class='ocrx_word' id='word_1_106' title='bbox 880 1765 914 1827; x_wconf 93' lang='lat' dir='ltr'><strong>in</strong></span> <span class='ocrx_word' id='word_1_107' title='bbox 938 1784 983 1841; x_wconf 89' lang='lat' dir='ltr'><strong>ec,</strong></span> <span class='ocrx_word' id='word_1_108' title='bbox 1009 1763 1064 1848; x_wconf 90' lang='lat' dir='ltr'><strong>qui</strong></span> <span class='ocrx_word' id='word_1_109' title='bbox 1088 1764 1190 1847; x_wconf 88' lang='lat' dir='ltr'><strong>magis</strong></span> <span class='ocrx_word' id='word_1_110' title='bbox 1210 1768 1325 1847; x_wconf 87' lang='lat' dir='ltr'><strong>pensat</strong></span> <span class='ocrx_word' id='word_1_111' title='bbox 1348 1763 1395 1827; x_wconf 90' lang='lat' dir='ltr'><strong>af-</strong></span> 
     </span>
     <span class='ocr_line' id='line_1_15' title="bbox 247 1867 1397 1954; baseline 0 -22"><span class='ocrx_word' id='word_1_112' title='bbox 247 1868 367 1934; x_wconf 88' lang='lat' dir='ltr'><strong>fectum</strong></span> <span class='ocrx_word' id='word_1_113' title='bbox 392 1891 487 1954; x_wconf 92' lang='lat' dir='ltr'><strong>quam</strong></span> <span class='ocrx_word' id='word_1_114' title='bbox 504 1869 651 1934; x_wconf 85' lang='lat' dir='ltr'><strong>effectum</strong></span> <span class='ocrx_word' id='word_1_115' title='bbox 674 1874 706 1934; x_wconf 90' lang='lat' dir='ltr'><strong>et</strong></span> <span class='ocrx_word' id='word_1_116' title='bbox 728 1869 831 1953; x_wconf 87' lang='lat' dir='ltr'><strong>magis</strong></span> <span class='ocrx_word' id='word_1_117' title='bbox 854 1867 1001 1948; x_wconf 90' lang='lat' dir='ltr'><strong>attendit,</strong></span> <span class='ocrx_word' id='word_1_118' title='bbox 1026 1889 1063 1932; x_wconf 86' lang='lat' dir='ltr'><strong>ex</strong></span> <span class='ocrx_word' id='word_1_119' title='bbox 1087 1871 1207 1954; x_wconf 90' lang='lat' dir='ltr'><strong>quanto</strong></span> <span class='ocrx_word' id='word_1_120' title='bbox 1231 1869 1307 1954; x_wconf 93' lang='lat' dir='ltr'><strong>quid</strong></span> <span class='ocrx_word' id='word_1_121' title='bbox 1330 1869 1397 1946; x_wconf 87' lang='lat' dir='ltr'><strong>fiat,</strong></span> 
     </span>
     <span class='ocr_line' id='line_1_16' title="bbox 249 1971 1396 2059; baseline 0 -21"><span class='ocrx_word' id='word_1_122' title='bbox 249 1995 343 2058; x_wconf 88' lang='lat' dir='ltr'><strong>quam</strong></span> <span class='ocrx_word' id='word_1_123' title='bbox 369 1979 523 2059; x_wconf 85' lang='lat' dir='ltr'><strong>quantum</strong></span> <span class='ocrx_word' id='word_1_124' title='bbox 545 1975 611 2039; x_wconf 85' lang='lat' dir='ltr'><strong>fiat.</strong></span> <span class='ocrx_word' id='word_1_125' title='bbox 659 1974 700 2039; x_wconf 78' lang='lat' dir='ltr'><strong>Et</strong></span> <span class='ocrx_word' id='word_1_126' title='bbox 731 1975 758 2038; x_wconf 92' lang='lat' dir='ltr'><strong>si</strong></span> <span class='ocrx_word' id='word_1_127' title='bbox 781 1995 844 2039; x_wconf 90' lang='lat' dir='ltr'><strong>non</strong></span> <span class='ocrx_word' id='word_1_128' title='bbox 868 1979 1023 2058; x_wconf 90' lang='lat' dir='ltr'><strong>quantum</strong></span> <span class='ocrx_word' id='word_1_129' title='bbox 1045 1971 1097 2037; x_wconf 86' lang='lat' dir='ltr'><strong>vel</strong></span> <span class='ocrx_word' id='word_1_130' title='bbox 1122 1973 1229 2058; x_wconf 88' lang='lat' dir='ltr'><strong>quella</strong></span> <span class='ocrx_word' id='word_1_131' title='bbox 1252 1973 1323 2038; x_wconf 84' lang='lat' dir='ltr'><strong>volo</strong></span> <span class='ocrx_word' id='word_1_132' title='bbox 1347 1979 1396 2038; x_wconf 85' lang='lat' dir='ltr'><strong>te·</strong></span> 
     </span>
     <span class='ocr_line' id='line_1_17' title="bbox 250 2078 1398 2164; baseline 0 -21"><span class='ocrx_word' id='word_1_133' title='bbox 250 2101 320 2143; x_wconf 86' lang='lat' dir='ltr'><strong>men</strong></span> <span class='ocrx_word' id='word_1_134' title='bbox 350 2080 384 2144; x_wconf 93' lang='lat' dir='ltr'><strong>in</strong></span> <span class='ocrx_word' id='word_1_135' title='bbox 408 2084 562 2164; x_wconf 91' lang='lat' dir='ltr'><strong>quantum</strong></span> <span class='ocrx_word' id='word_1_136' title='bbox 586 2081 674 2146; x_wconf 89' lang='lat' dir='ltr'><strong>valeo</strong></span> <span class='ocrx_word' id='word_1_137' title='bbox 704 2083 737 2144; x_wconf 93' lang='lat' dir='ltr'><strong>in</strong></span> <span class='ocrx_word' id='word_1_138' title='bbox 762 2081 828 2144; x_wconf 89' lang='lat' dir='ltr'><strong>eius</strong></span> <span class='ocrx_word' id='word_1_139' title='bbox 850 2078 1039 2144; x_wconf 87' lang='lat' dir='ltr'><strong>sacrificium</strong></span> <span class='ocrx_word' id='word_1_140' title='bbox 1072 2081 1104 2143; x_wconf 84' lang='lat' dir='ltr'><strong>et</strong></span> <span class='ocrx_word' id='word_1_141' title='bbox 1138 2078 1263 2143; x_wconf 90' lang='lat' dir='ltr'><strong>laudem</strong></span> <span class='ocrx_word' id='word_1_142' title='bbox 1294 2083 1328 2143; x_wconf 91' lang='lat' dir='ltr'><strong>et</strong></span> <span class='ocrx_word' id='word_1_143' title='bbox 1359 2079 1398 2143; x_wconf 88' lang='lat' dir='ltr'><strong>ad</strong></span> 
     </span>
     <span class='ocr_line' id='line_1_18' title="bbox 248 2183 1397 2268; baseline 0.002 -20"><span class='ocrx_word' id='word_1_144' title='bbox 248 2187 355 2248; x_wconf 92' lang='lat' dir='ltr'><strong>nostre</strong></span> <span class='ocrx_word' id='word_1_145' title='bbox 377 2184 450 2250; x_wconf 88' lang='lat' dir='ltr'><strong>fidei</strong></span> <span class='ocrx_word' id='word_1_146' title='bbox 473 2186 745 2252; x_wconf 87' lang='lat' dir='ltr'><strong>confirmationem</strong></span> <span class='ocrx_word' id='word_1_147' title='bbox 779 2191 810 2250; x_wconf 85' lang='lat' dir='ltr'><strong>et</strong></span> <span class='ocrx_word' id='word_1_148' title='bbox 834 2184 1074 2268; x_wconf 85' lang='lat' dir='ltr'><strong>ampliationem</strong></span> <span class='ocrx_word' id='word_1_149' title='bbox 1106 2187 1139 2248; x_wconf 92' lang='lat' dir='ltr'><strong>et</strong></span> <span class='ocrx_word' id='word_1_150' title='bbox 1171 2183 1209 2248; x_wconf 88' lang='lat' dir='ltr'><strong>ad</strong></span> <span class='ocrx_word' id='word_1_151' title='bbox 1241 2183 1397 2250; x_wconf 89' lang='lat' dir='ltr'><strong>benorum</strong></span> 
     </span>
     <span class='ocr_line' id='line_1_19' title="bbox 249 2288 1395 2374; baseline 0.002 -22"><span class='ocrx_word' id='word_1_152' title='bbox 249 2309 372 2354; x_wconf 90' lang='lat' dir='ltr'><strong>morum</strong></span> <span class='ocrx_word' id='word_1_153' title='bbox 395 2289 536 2354; x_wconf 90' lang='lat' dir='ltr'><strong>fidelium</strong></span> <span class='ocrx_word' id='word_1_154' title='bbox 560 2292 723 2356; x_wconf 90' lang='lat' dir='ltr'><strong>hominum</strong></span> <span class='ocrx_word' id='word_1_155' title='bbox 746 2289 1006 2356; x_wconf 88' lang='lat' dir='ltr'><strong>informationem</strong></span> <span class='ocrx_word' id='word_1_156' title='bbox 1030 2294 1063 2353; x_wconf 89' lang='lat' dir='ltr'><strong>et</strong></span> <span class='ocrx_word' id='word_1_157' title='bbox 1086 2289 1124 2353; x_wconf 89' lang='lat' dir='ltr'><strong>ad</strong></span> <span class='ocrx_word' id='word_1_158' title='bbox 1148 2289 1321 2374; x_wconf 91' lang='lat' dir='ltr'><strong>impiorum</strong></span> <span class='ocrx_word' id='word_1_159' title='bbox 1336 2288 1395 2354; x_wconf 90' lang='lat' dir='ltr'><strong>Ju-</strong></span> 
     </span>
     <span class='ocr_line' id='line_1_20' title="bbox 249 2393 1397 2462; baseline 0.001 -4"><span class='ocrx_word' id='word_1_160' title='bbox 249 2393 380 2459; x_wconf 90' lang='lat' dir='ltr'><strong>deorum</strong></span> <span class='ocrx_word' id='word_1_161' title='bbox 396 2394 610 2461; x_wconf 89' lang='lat' dir='ltr'><strong>confusionem</strong></span> <span class='ocrx_word' id='word_1_162' title='bbox 628 2400 660 2461; x_wconf 90' lang='lat' dir='ltr'><strong>et</strong></span> <span class='ocrx_word' id='word_1_163' title='bbox 674 2399 713 2462; x_wconf 90' lang='lat' dir='ltr'><strong>ad</strong></span> <span class='ocrx_word' id='word_1_164' title='bbox 729 2395 974 2462; x_wconf 86' lang='lat' dir='ltr'><strong>Sarracenorum</strong></span> <span class='ocrx_word' id='word_1_165' title='bbox 990 2415 1132 2460; x_wconf 88' lang='lat' dir='ltr'><strong>ermrum</strong></span> <span class='ocrx_word' id='word_1_166' title='bbox 1148 2395 1397 2460; x_wconf 86' lang='lat' dir='ltr'><strong>destructionem</strong></span> 
     </span>
     <span class='ocr_line' id='line_1_21' title="bbox 248 2498 1397 2582; baseline 0.002 -20"><span class='ocrx_word' id='word_1_167' title='bbox 248 2498 357 2582; x_wconf 87' lang='lat' dir='ltr'><strong>aliqua</strong></span> <span class='ocrx_word' id='word_1_168' title='bbox 379 2499 537 2582; x_wconf 88' lang='lat' dir='ltr'><strong>simplicia</strong></span> <span class='ocrx_word' id='word_1_169' title='bbox 560 2503 736 2568; x_wconf 86' lang='lat' dir='ltr'><strong>describere</strong></span> <span class='ocrx_word' id='word_1_170' title='bbox 767 2508 800 2567; x_wconf 90' lang='lat' dir='ltr'><strong>et</strong></span> <span class='ocrx_word' id='word_1_171' title='bbox 823 2501 938 2567; x_wconf 81' lang='lat' dir='ltr'><strong>offerre</strong></span> <span class='ocrx_word' id='word_1_172' title='bbox 959 2501 1077 2567; x_wconf 86' lang='lat' dir='ltr'><strong>curavi.</strong></span> <span class='ocrx_word' id='word_1_173' title='bbox 1124 2499 1166 2566; x_wconf 80' lang='lat' dir='ltr'><strong>Et</strong></span> <span class='ocrx_word' id='word_1_174' title='bbox 1189 2501 1325 2565; x_wconf 86' lang='lat' dir='ltr'><strong>maxime</strong></span> <span class='ocrx_word' id='word_1_175' title='bbox 1347 2501 1397 2564; x_wconf 92' lang='lat' dir='ltr'><strong>in·</strong></span> 
     </span>
     <span class='ocr_line' id='line_1_22' title="bbox 249 2605 1254 2692; baseline 0.003 -25"><span class='ocrx_word' id='word_1_176' title='bbox 249 2605 344 2669; x_wconf 90' lang='lat' dir='ltr'><strong>tendo</strong></span> <span class='ocrx_word' id='word_1_177' title='bbox 366 2605 423 2670; x_wconf 90' lang='lat' dir='ltr'><strong>deo</strong></span> <span class='ocrx_word' id='word_1_178' title='bbox 446 2607 612 2672; x_wconf 84' lang='lat' dir='ltr'><strong>assistente</strong></span> <span class='ocrx_word' id='word_1_179' title='bbox 637 2609 774 2674; x_wconf 87' lang='lat' dir='ltr'><strong>breviter</strong></span> <span class='ocrx_word' id='word_1_180' title='bbox 797 2613 829 2673; x_wconf 91' lang='lat' dir='ltr'><strong>et</strong></span> <span class='ocrx_word' id='word_1_181' title='bbox 851 2608 947 2692; x_wconf 88' lang='lat' dir='ltr'><strong>plane</strong></span> <span class='ocrx_word' id='word_1_182' title='bbox 970 2607 1140 2672; x_wconf 88' lang='lat' dir='ltr'><strong>discribere</strong></span> <span class='ocrx_word' id='word_1_183' title='bbox 1164 2609 1254 2670; x_wconf 91' lang='lat' dir='ltr'><strong>octo:</strong></span> 
     </span>
    </p>

    <p class='ocr_par' dir='ltr' id='par_1_3' title="bbox 249 2709 1399 2899">
     <span class='ocr_line' id='line_1_23' title="bbox 335 2709 1399 2796; baseline 0.001 -23"><span class='ocrx_word' id='word_1_184' title='bbox 335 2709 443 2776; x_wconf 90' lang='lat' dir='ltr'><strong>Primo</strong></span> <span class='ocrx_word' id='word_1_185' title='bbox 465 2715 606 2778; x_wconf 90' lang='lat' dir='ltr'><strong>omnium</strong></span> <span class='ocrx_word' id='word_1_186' title='bbox 631 2736 736 2780; x_wconf 91' lang='lat' dir='ltr'><strong>rerum</strong></span> <span class='ocrx_word' id='word_1_187' title='bbox 761 2715 965 2780; x_wconf 84' lang='lat' dir='ltr'><strong>existentium</strong></span> <span class='ocrx_word' id='word_1_188' title='bbox 989 2713 1127 2796; x_wconf 90' lang='lat' dir='ltr'><strong>primam</strong></span> <span class='ocrx_word' id='word_1_189' title='bbox 1151 2711 1341 2777; x_wconf 88' lang='lat' dir='ltr'><strong>creationem</strong></span> <span class='ocrx_word' id='word_1_190' title='bbox 1366 2715 1399 2774; x_wconf 92' lang='lat' dir='ltr'><strong>et</strong></span> 
     </span>
     <span class='ocr_line' id='line_1_24' title="bbox 249 2815 647 2899; baseline 0.013 -21"><span class='ocrx_word' id='word_1_191' title='bbox 249 2815 282 2878; x_wconf 92' lang='lat' dir='ltr'><strong>in</strong></span> <span class='ocrx_word' id='word_1_192' title='bbox 307 2836 373 2879; x_wconf 89' lang='lat' dir='ltr'><strong>esse</strong></span> <span class='ocrx_word' id='word_1_193' title='bbox 395 2817 647 2899; x_wconf 89' lang='lat' dir='ltr'><strong>productionem,</strong></span> 
     </span>
    </p>

    <p class='ocr_par' dir='ltr' id='par_1_4' title="bbox 247 2921 1397 3110">
     <span class='ocr_line' id='line_1_25' title="bbox 337 2921 1397 3008; baseline 0.002 -25"><span class='ocrx_word' id='word_1_194' title='bbox 337 2921 369 2983; x_wconf 84' lang='lat'><strong>2⁰</strong></span> <span class='ocrx_word' id='word_1_195' title='bbox 390 2922 567 3005; x_wconf 89' lang='lat' dir='ltr'><strong>primorum</strong></span> <span class='ocrx_word' id='word_1_196' title='bbox 591 2923 755 2990; x_wconf 90' lang='lat' dir='ltr'><strong>hominum</strong></span> <span class='ocrx_word' id='word_1_197' title='bbox 776 2948 796 2990; x_wconf 94' lang='lat' dir='ltr'><strong>a</strong></span> <span class='ocrx_word' id='word_1_198' title='bbox 819 2925 876 2989; x_wconf 93' lang='lat' dir='ltr'><strong>deo</strong></span> <span class='ocrx_word' id='word_1_199' title='bbox 891 2925 1158 3008; x_wconf 87' lang='lat' dir='ltr'><strong>apostatationem</strong></span> <span class='ocrx_word' id='word_1_200' title='bbox 1180 2922 1324 3008; x_wconf 87' lang='lat' dir='ltr'><strong>legisque</strong></span> <span class='ocrx_word' id='word_1_201' title='bbox 1347 2921 1397 2986; x_wconf 90' lang='lat' dir='ltr'><strong>dei</strong></span> 
     </span>
     <span class='ocr_line' id='line_1_26' title="bbox 247 3025 540 3110; baseline 0.01 -20"><span class='ocrx_word' id='word_1_202' title='bbox 247 3025 540 3110; x_wconf 80' lang='lat' dir='ltr'><strong>transgressionem,</strong></span> 
     </span>
    </p>

    <p class='ocr_par' dir='ltr' id='par_1_5' title="bbox 336 3132 1244 3218">
     <span class='ocr_line' id='line_1_27' title="bbox 336 3132 1244 3218; baseline 0.002 -23"><span class='ocrx_word' id='word_1_203' title='bbox 336 3133 368 3195; x_wconf 87' lang='lat'><strong>3⁰</strong></span> <span class='ocrx_word' id='word_1_204' title='bbox 392 3133 521 3218; x_wconf 89' lang='lat' dir='ltr'><strong>benigni</strong></span> <span class='ocrx_word' id='word_1_205' title='bbox 544 3134 726 3200; x_wconf 88' lang='lat' dir='ltr'><strong>liberatoris</strong></span> <span class='ocrx_word' id='word_1_206' title='bbox 750 3135 844 3201; x_wconf 87' lang='lat' dir='ltr'><strong>ihesu</strong></span> <span class='ocrx_word' id='word_1_207' title='bbox 868 3133 990 3198; x_wconf 79' lang='lat' dir='ltr'><strong>Christi</strong></span> <span class='ocrx_word' id='word_1_208' title='bbox 1015 3132 1244 3218; x_wconf 86' lang='lat' dir='ltr'><strong>genealogiam,</strong></span> 
     </span>
    </p>

    <p class='ocr_par' dir='ltr' id='par_1_6' title="bbox 249 3238 1396 3422">
     <span class='ocr_line' id='line_1_28' title="bbox 337 3238 1396 3326; baseline 0.002 -26"><span class='ocrx_word' id='word_1_209' title='bbox 337 3238 625 3321; x_wconf 68' lang='lat' dir='ltr'><strong>sternuente,</strong></span> <span class='ocrx_word' id='word_1_210' title='bbox 649 3242 682 3306; x_wconf 94' lang='lat' dir='ltr'><strong>in</strong></span> <span class='ocrx_word' id='word_1_211' title='bbox 706 3264 768 3326; x_wconf 91' lang='lat' dir='ltr'><strong>qua</strong></span> <span class='ocrx_word' id='word_1_212' title='bbox 791 3241 902 3306; x_wconf 88' lang='lat' dir='ltr'><strong>lhesua</strong></span> <span class='ocrx_word' id='word_1_213' title='bbox 931 3245 979 3305; x_wconf 90' lang='lat' dir='ltr'><strong>est</strong></span> <span class='ocrx_word' id='word_1_214' title='bbox 1003 3243 1205 3304; x_wconf 78' lang='lat' dir='ltr'><strong>conversatus</strong></span> <span class='ocrx_word' id='word_1_215' title='bbox 1236 3259 1396 3304; x_wconf 86' lang='lat' dir='ltr'><strong>commen-</strong></span> 
     </span>
     <span class='ocr_line' id='line_1_29' title="bbox 249 3341 418 3422; baseline 0.006 -16"><span class='ocrx_word' id='word_1_216' title='bbox 249 3341 418 3422; x_wconf 90' lang='lat' dir='ltr'><strong>dationem,</strong></span> 
     </span>
    </p>

    <p class='ocr_par' dir='ltr' id='par_1_7' title="bbox 337 3445 1399 3535">
     <span class='ocr_line' id='line_1_30' title="bbox 337 3445 1399 3535; baseline 0 -21"><span class='ocrx_word' id='word_1_217' title='bbox 337 3453 369 3514; x_wconf 78' lang='grc' dir='ltr'><strong>5ο</strong></span> <span class='ocrx_word' id='word_1_218' title='bbox 392 3455 500 3517; x_wconf 90' lang='lat' dir='ltr'><strong>sancte</strong></span> <span class='ocrx_word' id='word_1_219' title='bbox 521 3453 660 3518; x_wconf 86' lang='lat' dir='ltr'><strong>civitatis</strong></span> <span class='ocrx_word' id='word_1_220' title='bbox 684 3451 880 3516; x_wconf 87' lang='lat' dir='ltr'><strong>iherusalem</strong></span> <span class='ocrx_word' id='word_1_221' title='bbox 903 3450 1074 3535; x_wconf 88' lang='lat' dir='ltr'><strong>specialem</strong></span> <span class='ocrx_word' id='word_1_222' title='bbox 1097 3448 1348 3533; x_wconf 89' lang='lat' dir='ltr'><strong>dispositionem,</strong></span> <span class='ocrx_word' id='word_1_223' title='bbox 1397 3445 1399 3449; x_wconf 67' lang='grc'><strong>’</strong></span> 
     </span>
    </p>

    <p class='ocr_par' dir='ltr' id='par_1_8' title="bbox 252 3553 1397 3748">
     <span class='ocr_line' id='line_1_31' title="bbox 338 3553 1396 3639; baseline 0 -20"><span class='ocrx_word' id='word_1_224' title='bbox 338 3557 369 3619; x_wconf 78' lang='lat'><strong>6⁰</strong></span> <span class='ocrx_word' id='word_1_225' title='bbox 391 3578 551 3622; x_wconf 87' lang='lat' dir='ltr'><strong>sacrorum</strong></span> <span class='ocrx_word' id='word_1_226' title='bbox 570 3557 711 3623; x_wconf 88' lang='lat' dir='ltr'><strong>locorum</strong></span> <span class='ocrx_word' id='word_1_227' title='bbox 735 3559 821 3621; x_wconf 89' lang='lat' dir='ltr'><strong>intra</strong></span> <span class='ocrx_word' id='word_1_228' title='bbox 844 3560 877 3620; x_wconf 88' lang='lat' dir='ltr'><strong>et</strong></span> <span class='ocrx_word' id='word_1_229' title='bbox 892 3559 982 3620; x_wconf 83' lang='lat' dir='ltr'><strong>extra</strong></span> <span class='ocrx_word' id='word_1_230' title='bbox 997 3553 1194 3619; x_wconf 89' lang='lat' dir='ltr'><strong>Iberusalem</strong></span> <span class='ocrx_word' id='word_1_231' title='bbox 1210 3574 1396 3639; x_wconf 87' lang='lat' dir='ltr'><strong>generosam</strong></span> 
     </span>
     <span class='ocr_line' id='line_1_32' title="bbox 252 3659 1397 3748; baseline 0.002 -24"><span class='ocrx_word' id='word_1_232' title='bbox 252 3661 476 3742; x_wconf 88' lang='lat' dir='ltr'><strong>visitationem,</strong></span> <span class='ocrx_word' id='word_1_233' title='bbox 493 3661 674 3748; x_wconf 84' lang='lat' dir='ltr'><strong>Christique</strong></span> <span class='ocrx_word' id='word_1_234' title='bbox 691 3665 724 3728; x_wconf 95' lang='lat' dir='ltr'><strong>in</strong></span> <span class='ocrx_word' id='word_1_235' title='bbox 741 3665 855 3728; x_wconf 89' lang='lat' dir='ltr'><strong>eisdem</strong></span> <span class='ocrx_word' id='word_1_236' title='bbox 872 3662 951 3726; x_wconf 88' lang='lat' dir='ltr'><strong>locis</strong></span> <span class='ocrx_word' id='word_1_237' title='bbox 962 3661 1192 3726; x_wconf 88' lang='lat' dir='ltr'><strong>amarissimam</strong></span> <span class='ocrx_word' id='word_1_238' title='bbox 1209 3659 1397 3744; x_wconf 84' lang='lat' dir='ltr'><strong>passionem,</strong></span> 
     </span>
    </p>

    <p class='ocr_par' dir='ltr' id='par_1_9' title="bbox 249 3765 1397 3954">
     <span class='ocr_line' id='line_1_33' title="bbox 339 3765 1397 3833; baseline -0.002 -1"><span class='ocrx_word' id='word_1_239' title='bbox 339 3769 370 3832; x_wconf 83' lang='grc' dir='ltr'><strong>7ο</strong></span> <span class='ocrx_word' id='word_1_240' title='bbox 392 3768 565 3833; x_wconf 90' lang='lat' dir='ltr'><strong>multarum</strong></span> <span class='ocrx_word' id='word_1_241' title='bbox 586 3769 742 3833; x_wconf 88' lang='lat' dir='ltr'><strong>variarum</strong></span> <span class='ocrx_word' id='word_1_242' title='bbox 766 3769 931 3833; x_wconf 89' lang='lat' dir='ltr'><strong>nationum</strong></span> <span class='ocrx_word' id='word_1_243' title='bbox 954 3767 1095 3832; x_wconf 87' lang='lat' dir='ltr'><strong>fidelium</strong></span> <span class='ocrx_word' id='word_1_244' title='bbox 1119 3769 1151 3829; x_wconf 86' lang='lat' dir='ltr'><strong>et</strong></span> <span class='ocrx_word' id='word_1_245' title='bbox 1165 3765 1341 3830; x_wconf 89' lang='lat' dir='ltr'><strong>infidelium</strong></span> <span class='ocrx_word' id='word_1_246' title='bbox 1365 3767 1397 3830; x_wconf 92' lang='lat' dir='ltr'><strong>in</strong></span> 
     </span>
     <span class='ocr_line' id='line_1_34' title="bbox 249 3871 710 3954; baseline 0.004 -18"><span class='ocrx_word' id='word_1_247' title='bbox 249 3871 445 3937; x_wconf 90' lang='lat' dir='ltr'><strong>Iberusalem</strong></span> <span class='ocrx_word' id='word_1_248' title='bbox 468 3873 710 3954; x_wconf 88' lang='lat' dir='ltr'><strong>habitationem,</strong></span> 
     </span>
    </p>

    <p class='ocr_par' dir='ltr' id='par_1_10' title="bbox 249 3975 1396 4149">
     <span class='ocr_line' id='line_1_35' title="bbox 338 3975 1396 4061; baseline -0.002 -19"><span class='ocrx_word' id='word_1_249' title='bbox 338 3979 370 4042; x_wconf 85' lang='lat'><strong>8⁰</strong></span> <span class='ocrx_word' id='word_1_250' title='bbox 393 3978 565 4042; x_wconf 89' lang='lat' dir='ltr'><strong>multarum</strong></span> <span class='ocrx_word' id='word_1_251' title='bbox 589 3979 823 4061; x_wconf 86' lang='lat' dir='ltr'><strong>provinciarum</strong></span> <span class='ocrx_word' id='word_1_252' title='bbox 857 3999 892 4042; x_wconf 87' lang='lat' dir='ltr'><strong>ac</strong></span> <span class='ocrx_word' id='word_1_253' title='bbox 915 3977 1080 4042; x_wconf 90' lang='lat' dir='ltr'><strong>nationum</strong></span> <span class='ocrx_word' id='word_1_254' title='bbox 1103 3975 1246 4040; x_wconf 88' lang='lat' dir='ltr'><strong>fidelium</strong></span> <span class='ocrx_word' id='word_1_255' title='bbox 1269 3980 1302 4040; x_wconf 92' lang='lat' dir='ltr'><strong>et</strong></span> <span class='ocrx_word' id='word_1_256' title='bbox 1325 3975 1396 4040; x_wconf 92' lang='lat' dir='ltr'><strong>infi-</strong></span> 
     </span>
     <span class='ocr_line' id='line_1_36' title="bbox 249 4082 1140 4149; baseline -0.002 -1"><span class='ocrx_word' id='word_1_257' title='bbox 249 4084 365 4148; x_wconf 89' lang='lat' dir='ltr'><strong>delium</strong></span> <span class='ocrx_word' id='word_1_258' title='bbox 390 4090 480 4148; x_wconf 84' lang='lat' dir='ltr'><strong>extra</strong></span> <span class='ocrx_word' id='word_1_259' title='bbox 503 4085 656 4149; x_wconf 90' lang='lat' dir='ltr'><strong>terminos</strong></span> <span class='ocrx_word' id='word_1_260' title='bbox 677 4089 786 4149; x_wconf 88' lang='lat' dir='ltr'><strong>sancte</strong></span> <span class='ocrx_word' id='word_1_261' title='bbox 807 4090 893 4148; x_wconf 90' lang='lat' dir='ltr'><strong>terre</strong></span> <span class='ocrx_word' id='word_1_262' title='bbox 916 4083 1100 4148; x_wconf 88' lang='lat' dir='ltr'><strong>varietatem</strong></span> <span class='ocrx_word' id='word_1_263' title='bbox 1118 4082 1140 4146; x_wconf 88' lang='lat'><strong>¹.</strong></span> 
     </span>
    </p>
   </div>
   <div class='ocr_carea' id='block_1_3' title="bbox 816 4235 834 4270">
    <p class='ocr_par' dir='ltr' id='par_1_11' title="bbox 816 4235 834 4270">
     <span class='ocr_line' id='line_1_37' title="bbox 816 4235 834 4270; baseline 0 0"><span class='ocrx_word' id='word_1_264' title='bbox 816 4235 834 4270; x_wconf 77' lang='lat' dir='ltr'><strong>’k</strong></span> 
     </span>
    </p>
   </div>
   <div class='ocr_carea' id='block_1_4' title="bbox 250 4325 1396 4488">
    <p class='ocr_par' dir='ltr' id='par_1_12' title="bbox 250 4325 1396 4488">
     <span class='ocr_line' id='line_1_38' title="bbox 322 4325 1396 4399; baseline -0.004 -16"><span class='ocrx_word' id='word_1_265' title='bbox 322 4330 335 4383; x_wconf 95' lang='grc'><strong>1</strong></span> <span class='ocrx_word' id='word_1_266' title='bbox 356 4328 406 4384; x_wconf 86' lang='lat' dir='ltr'><strong>Die</strong></span> <span class='ocrx_word' id='word_1_267' title='bbox 425 4327 485 4383; x_wconf 93' lang='lat' dir='ltr'><strong>hier</strong></span> <span class='ocrx_word' id='word_1_268' title='bbox 498 4327 698 4399; x_wconf 85' lang='lat' dir='ltr'><strong>angegebenan</strong></span> <span class='ocrx_word' id='word_1_269' title='bbox 718 4330 842 4383; x_wconf 85' lang='lat' dir='ltr'><strong>tractate</strong></span> <span class='ocrx_word' id='word_1_270' title='bbox 854 4327 973 4382; x_wconf 90' lang='lat' dir='ltr'><strong>nahmen</strong></span> <span class='ocrx_word' id='word_1_271' title='bbox 991 4327 1029 4380; x_wconf 92' lang='lat' dir='ltr'><strong>im</strong></span> <span class='ocrx_word' id='word_1_272' title='bbox 1049 4327 1133 4383; x_wconf 80' lang='lat' dir='ltr'><strong>sodex</strong></span> <span class='ocrx_word' id='word_1_273' title='bbox 1146 4325 1295 4396; x_wconf 86' lang='lat' dir='ltr'><strong>folgenden</strong></span> <span class='ocrx_word' id='word_1_274' title='bbox 1315 4343 1396 4381; x_wconf 89' lang='lat' dir='ltr'><strong>raum</strong></span> 
     </span>
     <span class='ocr_line' id='line_1_39' title="bbox 250 4413 1396 4488; baseline -0.002 -18"><span class='ocrx_word' id='word_1_275' title='bbox 250 4415 310 4470; x_wconf 86' lang='lat' dir='ltr'><strong>ein:</strong></span> <span class='ocrx_word' id='word_1_276' title='bbox 329 4414 446 4469; x_wconf 81' lang='lat' dir='ltr'><strong>Tractat</strong></span> <span class='ocrx_word' id='word_1_277' title='bbox 466 4417 479 4471; x_wconf 96' lang='lat' dir='ltr'><strong>l</strong></span> <span class='ocrx_word' id='word_1_278' title='bbox 500 4417 589 4471; x_wconf 86' lang='lat' dir='ltr'><strong>reicht</strong></span> <span class='ocrx_word' id='word_1_279' title='bbox 607 4433 661 4473; x_wconf 85' lang='lat' dir='ltr'><strong>ron</strong></span> <span class='ocrx_word' id='word_1_280' title='bbox 682 4434 708 4488; x_wconf 89' lang='lat' dir='ltr'><strong>p.</strong></span> <span class='ocrx_word' id='word_1_281' title='bbox 729 4415 780 4472; x_wconf 83' lang='lat'><strong>124</strong></span> <span class='ocrx_word' id='word_1_282' title='bbox 798 4415 841 4471; x_wconf 88' lang='lat' dir='ltr'><strong>bia</strong></span> <span class='ocrx_word' id='word_1_283' title='bbox 861 4415 1079 4480; x_wconf 70' lang='lat' dir='ltr'><strong>mausueta</strong></span> <span class='ocrx_word' id='word_1_284' title='bbox 1098 4431 1153 4470; x_wconf 82' lang='lat' dir='ltr'><strong>von</strong></span> <span class='ocrx_word' id='word_1_285' title='bbox 1171 4432 1198 4486; x_wconf 89' lang='lat' dir='ltr'><strong>p.</strong></span> <span class='ocrx_word' id='word_1_286' title='bbox 1219 4413 1396 4478; x_wconf 68' lang='lat' dir='ltr'><strong>135bis14a</strong></span> 
     </span>
    </p>
   </div>
   <div class='ocr_carea' id='block_1_5' title="bbox 0 0 1534 4944">
    <p class='ocr_par' dir='ltr' id='par_1_13' title="bbox 0 0 1534 4944">
     <span class='ocr_line' id='line_1_40' title="bbox 0 0 1534 4944; baseline 0 0"><span class='ocrx_word' id='word_1_287' title='bbox 0 0 1534 4944; x_wconf 95' lang='lat' dir='ltr'><strong> </strong></span> 
     </span>
    </p>
   </div>
  </div>
 </body>
</html>
