3054 4944
643 351 706 416 277
825 309 830 322 ’

181 527 231 592 De
253 527 347 592 domo
369 524 507 592 Herodis
529 533 563 592 st
584 528 623 592 de
646 526 719 606 hiis,
743 549 806 610 que
828 526 915 592 facta
937 533 1013 592 sunt
1035 526 1164 592 ibidem.
1188 575 1248 593 ...

95 631 143 718 [p.
166 631 244 716 238]
270 681 277 696 .
303 681 311 696 .
335 682 343 697 .
372 633 406 696 in
434 633 497 698 ista
519 634 612 698 domo
639 633 706 717 hijs
728 634 926 716 temporibus
950 637 1117 698 morantur
1138 631 1249 698 Sarra·

94 739 173 804 ceni.
221 737 263 802 Et
285 741 333 803 est
356 738 449 803 hodie
470 740 548 804 satis
572 739 722 804 solemnis
751 743 1012 822 supermontem
1035 738 1154 822 posita,
1186 759 1248 802 non

94 842 191 928 longe
214 865 233 908 a
256 843 349 908 domo
365 841 483 927 Pylati.
529 841 612 908 Sunt
633 842 718 908 enim
733 842 953 906 inhabitantes
969 841 1113 907 homines
1128 841 1251 904 seroces

95 955 128 1013 et
150 947 294 1012 crudeles
317 953 429 1012 contra
452 946 668 1025 Christianos,
706 969 763 1012 nec
786 947 899 1012 volunt
920 947 1061 1029 recipere
1084 946 1250 1030 pecuniam

95 1075 153 1138 pro
176 1054 343 1138 ingressu,
367 1055 399 1116 et
422 1051 492 1116 ideo
515 1051 605 1116 valde
627 1051 801 1116 difficulter
823 1055 930 1135 potest
961 1050 1031 1135 quis
1055 1050 1171 1114 habere
1201 1050 1250 1114 in-

97 1159 242 1225 troitum.
289 1157 357 1242 Ego
380 1157 500 1241 pluries
523 1156 773 1222 cumfratribus
796 1162 828 1222 et
850 1156 1029 1241 peregrinis
1052 1156 1252 1238 attemptari,

97 1285 262 1348 uunquam
288 1269 392 1327 tamen
416 1262 512 1326 etiam
534 1261 643 1326 oblata
666 1262 800 1344 pecunia
822 1263 923 1344 potui,
947 1263 1075 1344 dempta
1098 1281 1162 1324 une
1184 1259 1252 1324 vioe

97 1374 292 1454 procurante
315 1369 423 1432 divina
445 1367 568 1452 gratim
600 1368 673 1430 veni
696 1365 782 1431 solus
804 1387 877 1430 cum
907 1387 972 1430 uno
995 1366 1032 1429 de
1055 1364 1173 1429 nostris
1194 1386 1252 1448 pa·

98 1476 203 1538 tribus
225 1475 264 1538 ad
280 1473 404 1538 salvam
426 1473 546 1550 domus,
570 1476 603 1535 ct
625 1491 697 1536 cum
717 1476 798 1534 esset
814 1475 935 1553 aperta,
958 1493 1015 1536 nec
1029 1469 1148 1554 aliquis
1164 1469 1252 1532 intus

98 1585 130 1644 et
152 1578 234 1644 foris
256 1578 407 1662 apparuit
435 1577 548 1656 homo,
582 1576 701 1640 intravi
725 1576 920 1642 confidenter
953 1576 985 1638 in
1010 1575 1137 1640 nomine
1159 1572 1253 1638 lhesu

97 1682 194 1762 solus,
219 1687 403 1748 remanente
425 1681 530 1746 socius
552 1679 639 1746 solus
662 1681 741 1746 foris
763 1681 979 1759 custodiendo,
1003 1681 1102 1744 donec
1124 1684 1252 1744 tautum

99 1791 161 1854 duo
186 1788 283 1854 Pater
316 1795 424 1854 noster
453 1787 519 1852 dixi
558 1791 592 1851 et
626 1788 713 1852 intus
740 1787 959 1870 circumspexi.
1004 1783 1079 1850 Non
1103 1783 1254 1867 apparuit

99 1895 230 1980 aliquod
246 1893 417 1978 vestigium
432 1893 485 1958 vel
505 1895 633 1977 sigmun
655 1893 790 1959 alicuius
813 1893 934 1976 capelle
950 1892 1000 1956 vel
1024 1890 1164 1956 ecclesie.
1212 1888 1253 1952 111

99 2000 145 2064 sic
160 1999 271 2062 illesus
287 2019 344 2082 per
359 1998 410 2062 dei
425 1998 564 2082 gratiam
581 1997 674 2062 exivi.
705 1996 747 2061 Et
762 1999 795 2061 in
812 1997 869 2062 illo
885 1995 954 2062 loco
965 1999 1042 2060 sunt
1054 1993 1255 2076 indulgentie

101 2103 163 2168 VII
188 2125 345 2168 annorum
367 2107 400 2168 et
422 2101 485 2168 Vll
508 2101 599 2169 car.¹

141 2209 266 2275 lterum
289 2209 326 2274 de
349 2210 442 2274 domo
464 2207 581 2294 Pyraei,
606 2213 638 2274 et
662 2230 724 2293 que
747 2207 865 2272 ibidem
887 2208 1006 2272 iterum
1029 2205 1114 2269 laeta
1136 2209 1222 2268 sunt.

190 2365 198 2380 .
224 2366 230 2379 .
257 2364 263 2378 .
289 2315 336 2399 [p.
353 2315 431 2399 239]
455 2363 464 2380 .
489 2365 497 2380 .
522 2314 672 2379 ‚milites
688 2313 825 2398 ligantes
849 2335 920 2377 eum
944 2313 983 2376 ad
1005 2310 1187 2376 columnam
1210 2308 1257 2372 la-

102 2421 240 2506 pideam,
262 2421 352 2485 cuins
374 2442 447 2504 pare
471 2420 564 2486 hodie
588 2420 691 2484 estin
714 2420 835 2502 templo
860 2415 907 2504 [p.
933 2416 1008 2500 240]
1032 2413 1183 2480 dominici
1205 2434 1254 2476 ss-

104 2525 234 2610 pulchri
268 2525 301 2590 in
334 2525 457 2610 capella
488 2527 580 2590 beate
603 2524 705 2589 Maris
728 2524 880 2608 virginis,
911 2523 966 2588 ubi
988 2525 1119 2586 manent
1141 2519 1257 2582 fratres

104 2632 262 2711 minores,
296 2635 329 2693 et
362 2651 425 2694 una
447 2631 600 2696 notabilis
622 2651 696 2713 pars
730 2631 763 2692 in
787 2633 895 2694 monte
916 2627 1020 2712 Syon,
1043 2627 1076 2690 in
1099 2629 1257 2691 conventu

103 2736 242 2802 fratrum
266 2735 436 2814 minorum,
459 2736 540 2800 etin
556 2735 700 2819 utrisque
722 2735 800 2799 locis
817 2734 995 2798 ostenditur
1018 2737 1050 2796 et
1065 2731 1215 2794 visitetur
1238 2751 1257 2792 a

103 2841 295 2926 peregrinis,
318 2844 350 2904 et
371 2847 447 2905 suut
470 2841 515 2904 ibi
538 2839 738 2924 indulgentie
762 2837 825 2902 Vll
847 2859 1005 2902 annorum
1027 2843 1059 2900 et
1081 2833 1147 2900 Vll
1169 2855 1256 2898 care-

103 2969 218 3012 narum
243 2997 251 3012 .
276 2995 284 3012 .
309 2997 316 3011 .
357 2946 476 3010 llilites
491 2946 666 3030 plectentes
687 2965 837 3009 coronam
860 2943 898 3008 de
921 2942 1022 3025 spinis
1038 2941 1259 3023 imposuerunt

103 3053 204 3136 capiti
229 3052 306 3116 eius.
354 3049 399 3114 De
422 3051 493 3116 istis
515 3051 617 3134 spinis
640 3049 760 3116 Christi
793 3052 881 3114 nota:
912 3047 1035 3112 Diversi
1057 3045 1181 3110 diversa
1204 3064 1258 3127 gc-

106 3181 185 3224 nera
206 3159 373 3242 spinarum
396 3157 583 3236 ostendunt,
606 3161 782 3220 asserentes
804 3175 871 3219 esse
894 3154 933 3218 de
955 3173 1030 3217 vero
1055 3171 1171 3236 genere
1193 3148 1259 3232 spi·

675 3287 694 3324 Ἀ·

107 3386 272 3440 mittelbare
285 3385 357 3438 nahe
375 3384 423 3438 der
436 3382 623 3452 Davidsburg.
662 3380 712 3436 Die
724 3381 789 3450 lage
808 3379 855 3434 des
868 3377 1056 3449 praetoriums
1074 3377 1112 3431 ist
1124 3375 1262 3431 insolcrnc

109 3491 163 3530 ron
184 3471 350 3528 besonderer
368 3469 558 3539 wichtiglreit‚
587 3469 630 3523 als
650 3485 704 3524 von
722 3467 767 3522 ihr
785 3467 830 3522 die
848 3465 982 3534 richtung
1001 3463 1049 3518 des
1068 3467 1262 3532 rogenannten

105 3562 374 3628 sehmerrensweges
393 3589 427 3598 —
448 3557 493 3612 via
512 3556 640 3613 dolomsa
663 3587 693 3596 -
714 3555 858 3624 abhangt3
878 3553 929 3607 mit
947 3550 1097 3606 sicherheit
1116 3551 1185 3604 lasst
1203 3549 1262 3603 sich

106 3648 231 3704 dieselbe
250 3646 318 3702 uber
337 3645 415 3701 nicht
432 3646 609 3701 bestimmen.
650 3643 713 3712 Vgl.
732 3642 810 3699 Tobl.
829 3641 898 3711 Top.
917 3641 937 3704 1,
956 3641 1008 3694 220
1024 3638 1051 3694 ff.

179 3739 191 3793 1
214 3737 265 3790 Die
282 3735 348 3804 lage
365 3733 412 3789 des
431 3735 530 3788 heusen
559 3731 627 3788 oder
644 3731 769 3802 pelastes
801 3731 848 3783 des
867 3727 990 3784 Herodes
1017 3745 1050 3780 zu
1069 3725 1191 3788 fixierem
1211 3725 1263 3777 hat

106 3825 152 3880 die
171 3823 310 3878 tradition
330 3825 387 3877 eret
405 3826 501 3892 sptter
512 3821 652 3876 versucht.
690 3819 739 3873 Die
759 3820 833 3872 erate
851 3832 992 3886 gensuere
1005 3814 1196 3881 bezeichnung
1214 3811 1263 3864 der

109 3915 174 3984 lage
191 3912 242 3967 des
261 3910 385 3980 pelastes
404 3909 496 3963 haben
514 3907 565 3960 wir
585 3925 638 3964 von
657 3903 864 3975 Gumpenherg,
883 3901 941 3957 und
962 3921 998 3957 an
1017 3901 1162 3957 dersslben
1181 3897 1262 3951 stelle

107 4001 159 4056 het
176 4017 207 4056 es
225 3999 272 4054 dic
290 3996 428 4052 tradition
443 3995 651 4065 jahrhunderte
670 3995 740 4063 lang
757 3992 883 4063 gesucht.
915 3991 977 4060 Vgl.
995 3989 1080 4044 Fabri
1099 3989 1120 4048 1,
1140 3987 1199 4049 362,
1219 3983 1264 4040 dis

108 4089 204 4160 imago
224 4086 400 4154 Jersolymss
417 4102 472 4140 von
489 4083 631 4150 Quaresm.
651 4082 701 4136 Nr.
718 4083 748 4138 11
768 4099 795 4134 u.
814 4079 893 4135 Tobl.
907 4079 974 4148 Top.
990 4079 1010 4142 1,
1028 4077 1079 4132 649
1092 4075 1120 4130 ff.
1157 4073 1264 4143 Gegan-

108 4175 214 4246 vortig
234 4173 304 4228 wird
333 4174 385 4228 ani
409 4171 454 4227 die
472 4171 698 4240 identifiaierung
715 4169 809 4238 wenig
826 4167 946 4239 gewiclrt
969 4165 1072 4236 gelsgt
1110 4163 1200 4218 Wenn
1220 4161 1265 4218 die

108 4263 222 4336 angabe
240 4261 340 4317 Febris
358 4279 383 4318 a.
403 4278 430 4317 a.
448 4276 487 4327 o..
505 4260 570 4315 dass
587 4260 627 4314 im
642 4259 726 4329 jahre
745 4258 813 4314 1483
832 4258 881 4312 der
900 4254 1058 4326 praelectus
1083 4265 1148 4304 suas
1167 4266 1264 4305 concu-

109 4353 190 4408 binus
209 4353 240 4406 in
253 4367 289 4405 ea
302 4349 408 4404 locatas
422 4348 529 4410 habuit,
549 4347 655 4416 richtig
666 4346 713 4412 ist,
732 4363 763 4404 so
772 4361 832 4402 war
851 4361 879 4400 cs
892 4361 944 4401 von
957 4342 988 4395 W
994 4341 1087 4396 alther
1105 4337 1150 4393 ein
1163 4335 1265 4410 grosses

110 4440 226 4512 wagnis,
247 4437 300 4492 das
320 4436 389 4489 haus
407 4453 440 4488 ru
460 4435 595 4490 betreten.
