3054 4942
799 328 864 394 218

345 505 427 572 Item
463 507 542 570 feria
577 505 674 572 tertia
707 508 780 589 post
810 504 927 570 festum
956 506 1058 570 sancti
1082 503 1241 570 Francisci
1265 504 1298 594 [7
1321 506 1404 594 Oet]

257 615 330 696 post
345 611 514 695 prandium
537 611 622 676 cirea
643 611 772 675 tertiam
796 609 908 675 horam
924 611 1012 674 venit
1033 609 1291 676 drutnelmannus
1313 635 1404 698 pere-

257 719 422 802 grinorum
455 718 495 781 de
518 715 662 802 Alhayro
681 715 701 794 ¹,
734 721 767 780 et
799 716 883 780 circa
910 719 1058 800 quartem
1088 715 1200 781 horam
1229 717 1321 782 duxit
1350 740 1407 783 nos

257 845 364 888 omnes
387 823 424 886 ad
447 827 554 886 ortum
579 821 722 886 balsami.
769 821 810 884 ldt
833 841 977 904 egressus
1000 823 1130 886 domum
1161 843 1217 905 per
1240 824 1405 905 posticam,

258 929 369 992 statim
401 928 578 1011 reperimus
611 927 776 1010 ingentem
808 926 953 990 arborem
984 927 1100 992 ficuum
1127 925 1317 1005 Pharaonis3
1349 929 1407 992 hee

257 1035 353 1097 arbor
376 1034 473 1097 habet
496 1053 592 1096 unam
615 1032 814 1096 cavationem
837 1032 869 1094 in
886 1032 1007 1115 stipite,
1031 1032 1064 1096 in
1090 1055 1184 1116 quam
1209 1033 1321 1098 dicunt
1337 1033 1404 1098 Ma-

258 1139 337 1202 riam
354 1139 496 1220 posuisse
516 1159 649 1221 puerum
669 1137 805 1216 lhesunr,
831 1137 957 1220 quando
980 1137 1040 1201 ivit
1062 1137 1093 1200 in
1112 1137 1254 1221 rigidum,
1279 1144 1312 1203 et
1335 1140 1406 1223 qui·

259 1242 324 1306 evit
347 1243 436 1306 iuxta
458 1241 597 1320 fontem;
631 1242 669 1306 de
698 1265 761 1327 qua
789 1243 902 1307 arbore
925 1242 1032 1326 recepi
1055 1243 1186 1326 peciam.
1234 1243 1274 1308 Et
1296 1244 1351 1308 dat
1373 1244 1407 1306 in

259 1369 342 1411 enno
358 1347 473 1432 septies
490 1348 582 1423 ficus;
607 1352 639 1412 et
654 1347 859 1412 comederunt
880 1347 1040 1433 peregrini
1064 1348 1101 1412 de
1124 1348 1202 1432 ipsis
1217 1346 1240 1414 ⁹.
1286 1347 1407 1413 Deinde

258 1453 350 1516 duxit
372 1473 429 1516 nos
459 1453 491 1516 in
516 1453 625 1517 eodem
652 1457 723 1518 orto
746 1453 837 1518 iuxta
858 1475 954 1518 unam
978 1455 1107 1518 domum
1137 1459 1170 1518 et
1192 1454 1339 1533 ianuam,
1373 1454 1407 1517 in

259 1581 322 1642 quc
345 1558 531 1622 morabatur
560 1565 666 1624 custos
698 1559 762 1623 orti
790 1559 934 1624 balsami.
980 1559 1021 1622 Et
1055 1559 1100 1624 ibi
1123 1561 1298 1643 reperimus
1328 1559 1408 1623 satis

257 1684 389 1746 magnes
411 1664 539 1728 arbores
581 1685 645 1728 non
678 1663 786 1749 lignee
816 1665 869 1729 sed
892 1663 1039 1729 totaliter
1060 1665 1156 1729 viridi
1179 1665 1310 1746 coloris,
1345 1687 1407 1750 que

258 1774 412 1833 vocantur
436 1790 532 1849 muse,
555 1769 619 1834 alin
640 1771 768 1835 nomine
785 1770 922 1853 bsppiri‚
946 1770 1098 1834 habentes
1121 1770 1409 1837 foliariridissima

258 1874 291 1938 in
315 1874 515 1960 longitudine
545 1879 617 1940 octo
640 1875 755 1958 pedum
786 1877 818 1938 et
847 1875 880 1938 in
903 1874 1074 1939 latitudine
1096 1875 1231 1940 duorum
1262 1899 1334 1940 cum
1357 1877 1407 1940 di-

259 1980 367 2059 midio,
391 1980 429 2044 de
453 1980 568 2064 quibus
592 1981 767 2064 recepimus
790 1980 872 2044 clam
894 1979 1034 2059 fructus,
1058 1981 1113 2065 qui
1136 1985 1185 2045 est
1207 1980 1408 2046 dulcissimus

260 2090 297 2148 ut
320 2085 489 2161 ruckerus,
525 2085 651 2168 quando
675 2089 722 2148 est
746 2087 900 2148 maturus.
946 2083 988 2148 Et
1011 2105 1049 2148 ex
1072 2085 1130 2149 illa
1151 2086 1264 2149 arbore
1286 2091 1319 2150 et
1341 2088 1410 2151 eius

259 2191 345 2254 foliis
367 2190 503 2274 sumpsit
526 2211 638 2254 nomen
656 2191 819 2274 bappirus‚
843 2191 875 2254 in
900 2212 963 2274 qua
978 2191 1160 2269 scribimus;
1186 2189 1325 2278 [p.100]
1349 2192 1409 2255 ha·

260 2297 335 2359 hent
351 2295 435 2359 enim
452 2293 530 2357 folia
547 2295 647 2358 lineas
663 2295 920 2378 perfectissimas,
936 2300 969 2358 et
984 2315 1057 2358 cum
1072 2294 1193 2359 fuerint
1209 2295 1294 2360 facte
1309 2296 1410 2376 arida,

258 2404 352 2463 erunt
384 2398 645 2464 adscribendum
678 2404 754 2482 apta
788 2402 820 2462 et
842 2399 925 2464 alba.
970 2398 1051 2463 ltenr
1085 2398 1144 2464 hec
1177 2400 1271 2464 arbor
1293 2401 1409 2465 crescit

258 2525 321 2568 uno
344 2525 427 2567 anno
450 2503 488 2566 de
511 2507 607 2581 terra,
631 2509 662 2566 et
685 2503 762 2567 facit
785 2502 864 2567 folia
886 2503 1043 2568 latissima
1065 2503 1268 2590 fructumque
1291 2506 1409 2570 dulcis·

256 2611 370 2673 simum
395 2613 427 2672 st
449 2609 586 2673 multum
610 2608 839 2689 medicinalem,
864 2610 1047 2674 viridissimi
1070 2609 1205 2688 coloris,
1227 2616 1264 2674 nt
1286 2611 1408 2676 dictum

823 2743 843 2778 -Ι-

257 2835 367 2891 bericht
380 2852 429 2890 aus
442 2833 601 2904 damaliger
613 2833 676 2889 seit.
712 2820 789 2889 llber
800 2834 855 2888 den
866 2834 1097 2904 gegenwhrtigen
1110 2835 1228 2890 rustand
1242 2836 1299 2905 vgl.
1314 2836 1408 2901 Ehem,

258 2925 405 2994 Aegypten
432 2922 462 2976 in
480 2922 540 2976 bild
566 2921 624 2976 nnd
644 2924 721 2978 wort.
761 2923 909 2991 stuttgard
937 2922 994 2976 und
1015 2921 1130 2993 Leipzig
1152 2923 1226 2979 1879.
1254 2923 1282 2988 l,
1308 2925 1360 2979 209
1379 2925 1407 2980 ff.

257 3012 341 3067 Baed.
359 3013 419 3066 356.
456 3010 536 3080 Sepp‚
554 3007 610 3064 Jer.
628 3007 662 3074 11,
683 3011 733 3064 776
752 3008 780 3062 ff.

329 3103 341 3154 1
362 3099 416 3154 Der
434 3099 591 3168 dragcman
610 3097 780 3162 chaldaico,
799 3096 919 3152 welcher
940 3115 993 3154 von
1013 3098 1087 3168 jetrt
1113 3114 1150 3152 an
1168 3097 1332 3154 beschdtrer
1351 3100 1409 3154 und

256 3189 352 3242 fithrsr
370 3187 419 3241 der
436 3186 529 3256 pilger
547 3203 614 3249 war,
634 3184 770 3240 naehdem
789 3183 835 3239 die
854 3183 1015 3255 hisherigen
1033 3185 1170 3253 hegleitsr
1189 3185 1337 3241 darselben
1356 3189 1410 3242 mit

258 3274 410 3329 ausnahme
429 3273 476 3328 des
495 3273 604 3327 calinas
622 3271 714 3328 minor
738 3270 825 3328 solort
853 3271 924 3325 nach
943 3271 1018 3326 ihrer
1037 3271 1158 3326 ankunft
1177 3273 1206 3328 in
1227 3273 1409 3344 el-Matariye

258 3362 311 3417 mit
329 3362 408 3416 ihren
428 3360 517 3416 tieren
541 3361 594 3414 den
612 3359 744 3430 rdelrweg
771 3359 844 3414 nach
863 3359 1009 3415 Falernus
1027 3361 1195 3430 angetreten
1213 3361 1329 3426 hatten,
1349 3379 1410 3417 war

258 3449 362 3504 bercits
381 3451 446 3518 tage
465 3466 550 3504 curor
566 3447 662 3502 hieher
681 3447 862 3516 gelrommsn,
883 3447 963 3502 hatte
981 3447 1048 3502 aber
1076 3447 1121 3503 die
1141 3449 1232 3518 pilger
1259 3451 1310 3504 auf
1326 3449 1408 3506 ihren

258 3537 368 3591 wunsch
387 3537 416 3590 in
436 3535 616 3603 elhlatariye
636 3535 828 3591 dhernachtan
848 3535 950 3591 lescen.
986 3535 1071 3590 Fabri
1092 3536 1138 3600 ΠΙ,
1157 3535 1173 3590 3
1192 3535 1221 3590 ff.
1328 3538 1345 3591 2
1364 3539 1408 3593 An

256 3624 346 3680 dieser
365 3623 445 3678 stelle
464 3623 558 3677 wurde
577 3623 630 3678 seit
647 3622 702 3676 den
721 3625 815 3676 ersten
833 3622 1017 3678 christlichen
1032 3621 1260 3693 J'ahrhunderten
1278 3622 1341 3679 eine
1358 3626 1409 3694 Sy·

257 3729 380 3776 comere,
409 3728 446 3764 an
467 3709 569 3765 welche
586 3709 644 3764 sich
663 3709 710 3764 die
729 3727 784 3765 von
802 3710 935 3766 Walther
955 3711 1126 3780 angefdhrte
1144 3710 1261 3781 legende
1279 3712 1408 3782 kndplte,

256 3801 328 3858 hoch
348 3799 468 3854 verehrt.
504 3797 596 3852 Wenn
615 3797 686 3852 auch
705 3797 750 3852 die
769 3798 916 3866 Sycomcre
933 3799 979 3853 ein
999 3799 1064 3854 sehr
1082 3799 1168 3854 hohes
1187 3799 1261 3854 alter
1279 3799 1408 3866 erreicht,

257 3890 295 3942 ist
324 3905 352 3942 es
379 3887 448 3942 doch
476 3885 759 3949 unwahrscheinlich,
793 3885 857 3939 dass
884 3886 933 3939 der
960 3887 1060 3949 baum,
1088 3886 1138 3942 der
1165 3903 1268 3942 nnsern
1295 3887 1409 3957 pilgern

257 3976 368 4046 gezeigt
395 3973 505 4036 werde,
539 3972 588 4028 der
616 3973 831 4043 ursprlingliehe
858 3991 925 4030 wer.
968 3977 1007 4028 lm
1033 3974 1116 4044 jahre
1145 3975 1212 4030 1656
1239 3974 1310 4044 ging
1336 3977 1409 4030 auch

256 4065 345 4119 dieser
374 4063 446 4117 nach
465 4059 547 4131 Sepp.
564 4061 620 4116 Jer.
639 4061 674 4124 H,
693 4061 746 4116 780
768 4079 816 4115 zur
835 4061 942 4128 hallte,
969 4063 1041 4118 nach
1062 4063 1144 4119 Bsed.
1164 4065 1293 4120 secund
1315 4065 1408 4131 libers,

259 4140 363 4220 dgypt.
382 4150 402 4213 l,
422 4151 473 4204 209
493 4165 566 4218 gans
593 4165 626 4201 zu
645 4149 768 4217 grande.
797 4147 854 4202 und
872 4149 968 4204 wurde
995 4167 1033 4204 an
1060 4150 1151 4205 seiher
1178 4151 1261 4206 stelle
1284 4151 1334 4207 der
1362 4169 1409 4223 ge·

258 4236 417 4307 gerwartig
442 4236 507 4292 dort
529 4234 662 4290 stehende
689 4236 838 4306 gepflanrt.
876 4235 926 4291 Die
947 4237 1250 4306 naturgeschichtliche
1273 4238 1409 4293 beschrei·

259 4326 337 4393 burg
355 4323 402 4378 des
421 4325 536 4378 baumes
554 4321 630 4378 siche
648 4321 694 4378 bei
711 4323 893 4392 hasselquist
914 4323 994 4379 Reice
1012 4323 1085 4380 nach
1097 4323 1251 4380 Palestina.
1287 4325 1409 4383 Rostock

260 4413 334 4466 1762.
352 4411 413 4466 535.
