3056 4944
655 343 714 410 167

111 527 155 585 est
178 521 303 584 decima
325 517 445 585 calend.
463 518 540 582 Maii
564 523 596 583 et
619 519 651 582 in
675 517 817 602 profesto
839 519 940 584 sancti
959 519 1090 603 Georgii
1106 521 1259 600 martiris,

112 631 203 689 natus
219 629 268 689 est
283 623 496 709 nequissimus
519 645 555 689 ac
568 622 845 714 nephandissimus
861 622 1089 705 Machouretus,
1112 626 1258 691 seductor

111 729 300 814 populorum
323 727 553 812 plurimorum,
587 728 675 794 onius
698 727 837 794 natalem
869 728 954 794 diem
976 728 1142 796 Serraesni
1173 731 1259 794 omni

112 855 193 900 anno
219 855 278 918 per
301 839 420 918 septem
446 834 511 898 dies
534 833 758 909 solemnisaut,
793 834 831 898 de
855 855 918 918 quo
942 837 1008 900 ritu
1029 835 1153 918 patebit
1176 834 1261 899 infre

110 940 233 1024 plenius
258 937 334 1003 lolio
395 937 415 1002 ².
464 941 558 1003 Anno
580 939 700 1003 domiui
726 939 809 1003 1483
832 938 883 1003 die
906 939 948 1002 22
972 939 1103 1022 Aprilis,
1126 961 1188 1024 qne
1211 943 1259 1004 eet

111 1042 137 1107 X
159 1043 220 1111 eal.
239 1043 326 1123 Maii,
348 1043 383 1108 in
406 1043 476 1128 ipse
499 1048 602 1126 noete,
625 1050 657 1108 et
679 1043 899 1128 sequenti‘die
927 1050 997 1108 eret
1019 1044 1135 1110 festum
1157 1044 1260 1109 sancti

110 1147 240 1233 Georgii
276 1149 418 1214 martiris
450 1154 482 1214 et
516 1149 581 1214 dies
604 1149 718 1214 Martis
752 1153 785 1214 ct
806 1138 1025 1228 seuerissima,
1059 1171 1129 1214 cum
1153 1154 1260 1214 autem

112 1276 208 1320 essem
231 1275 295 1318 una
319 1275 390 1318 curn
416 1255 500 1321 socio
519 1256 690 1340 deputatus
713 1277 750 1320 ex
773 1259 860 1321 sorte
882 1257 920 1320 ad
944 1255 1141 1339 vigilandum
1164 1277 1260 1339 super

110 1360 285 1425 custodiam
307 1359 417 1424 domus
445 1365 577 1444 propter
600 1361 748 1426 timorem
772 1359 1067 1427 lutronnncnlorum
1091 1365 1124 1424 et
1145 1361 1258 1443 predo-

100 1461 196 1543 num,
219 1464 391 1548 dequibus
413 1465 644 1548 supradictum
669 1471 726 1545 est,
751 1467 784 1530 in
807 1467 877 1550 ipsa
899 1471 991 1532 nocte
1007 1465 1091 1531 circa
1105 1464 1260 1530 decimam

111 1571 218 1636 horam
243 1569 415 1634 secundum
433 1569 604 1636 Alamanos
628 1571 748 1654 incepit
764 1571 925 1637 obscurari
949 1571 1036 1651 luna,
1060 1575 1093 1635 et
1115 1570 1257 1635 conside-

110 1680 200 1740 rante
234 1696 284 1739 rue
307 1673 371 1738 ridi
395 1675 535 1759 incipere
557 1675 719 1760 eclipsim,
754 1697 816 1760 que
838 1675 995 1760 paulatim
1018 1675 1194 1755 crescebat,
1227 1678 1259 1740 et

114 1781 196 1846 circa
220 1780 330 1845 horam
348 1779 545 1846 undecimam
569 1785 640 1844 eret
659 1781 804 1846 totaliter
819 1780 970 1866 eclipsata
992 1780 1058 1846 eisc
1082 1780 1258 1846 tenebrosa.

113 1888 152 1954 Et
173 1886 267 1952 stetit
290 1906 391 1970 usque
413 1885 452 1950 ed
474 1883 584 1950 horam
601 1885 830 1964 duodecimam,
853 1877 1040 1971 priusquam
1062 1885 1182 1969 incepit
1204 1887 1257 1950 de-

112 2013 259 2058 crescere.
305 1989 348 2054 Et
369 1989 402 2053 in
426 1989 483 2053 ille
498 1991 599 2073 parte,
623 1989 656 2053 in
681 2011 744 2074 qua
766 1990 885 2074 incepit
901 1990 1070 2070 tenebrari,
1093 1989 1126 2054 in
1149 1990 1258 2055 eadem

113 2097 232 2181 incepit
257 2095 437 2160 clarescere.
483 2093 523 2158 Et
550 2094 675 2178 quando
698 2098 766 2160 crat
789 2095 914 2179 eclipsis
937 2095 970 2160 in
993 2116 1116 2160 sumum
1138 2095 1259 2179 perfec·

112 2203 213 2278 tione,
246 2207 323 2264 tuuc
358 2199 435 2264 luna
457 2200 607 2283 apparuit
629 2200 823 2276 rubicunda;
857 2205 890 2266 et
923 2199 1008 2265 infre
1029 2199 1196 2264 secundam
1228 2202 1261 2264 et

114 2307 248 2390 primam
273 2309 346 2389 poet
368 2303 502 2368 medium
524 2309 648 2370 noctem
671 2311 841 2370 recesserat
864 2305 1017 2371 totaliter.

196 2410 235 2476 ln
260 2409 342 2474 festo
364 2411 465 2474 saneti
490 2407 620 2494 Georgii
642 2409 829 2493 deprehensi
852 2413 928 2474 sunt
951 2411 988 2474 de
1003 2408 1182 2474 latronibus
1204 2429 1256 2472 su-

111 2517 262 2601 pradictis
277 2516 338 2580 duo
354 2515 388 2579 in
404 2515 535 2580 civitate
550 2515 648 2594 Abra,
664 2517 697 2578 et
712 2515 834 2579 inventi
850 2520 926 2579 sunt
939 2513 1112 2578 Christiani
1127 2513 1254 2596 pessimi

112 2623 147 2712 de
170 2622 237 2686 ritu
260 2624 293 2685 et
315 2625 401 2685 secte
423 2619 608 2699 Greeorum,
631 2641 709 2704 qnos
732 2620 819 2700 duos,
843 2623 880 2685 ut
903 2620 998 2685 moris
1015 2618 1259 2684 Sarracenornm

111 2733 166 2804 est,
190 2729 369 2810 posuerunt
383 2745 480 2808 super
502 2725 579 2788 duos
600 2723 745 2802 camelos,
769 2723 897 2788 fortiter
912 2723 1051 2808 ligantes
1073 2728 1106 2787 st
1120 2722 1260 2788 extensis

109 2832 141 2896 iu
164 2831 293 2896 modum
317 2829 419 2894 crucis
443 2829 596 2908 brachiis,
620 2829 788 2913 expoliatis
810 2829 957 2894 omnibus
979 2827 1195 2907 vestimentis,
1227 2831 1260 2892 et

111 2935 248 3021 quilibet
270 2937 408 3020 quatuor
431 2939 617 3019 torquentes
639 2954 711 2998 eum
734 2954 804 2998 cum
829 2933 930 3017 virgis
954 2939 986 2999 et
1007 2932 1154 3018 flagellis,
1177 2931 1261 2996 sicut

109 3039 252 3125 precepit
267 3038 487 3104 Muchumetns
508 3039 612 3104 facere
626 3037 763 3120 iuribus,
787 3043 819 3106 et
842 3040 887 3105 sic
902 3039 1061 3104 duxerunt
1084 3059 1137 3102 eos
1159 3058 1260 3122 usque

111 3145 140 3208 in
158 3145 366 3210 lheruselem.
412 3143 455 3209 Et
478 3145 521 3208 ibi
546 3167 619 3210 cum
642 3166 758 3229 magna
773 3145 957 3210 confusions
980 3148 1013 3208 et
1027 3141 1164 3230 flagellis
1186 3141 1259 3205 abs-

111 3273 171 3335 que
192 3249 410 3314 misericordia
432 3249 640 3334 perducentes
670 3272 728 3334 per
750 3250 835 3315 vicos
857 3255 890 3316 et
912 3249 1051 3334 plateas,
1081 3267 1188 3313 omnes
1210 3247 1258 3312 vi·

111 3356 220 3421 dentes
243 3355 427 3440 gaudebant
449 3361 481 3420 et
497 3355 685 3421 deridebunt
707 3377 758 3420 eos
782 3361 814 3419 et
837 3355 972 3420 maxime
987 3353 1161 3432 Sarrscsui,
1184 3374 1257 3418 oum

111 3461 251 3527 latrones
274 3464 379 3524 essent
394 3459 580 3527 Christiani.
628 3460 760 3526 Demnm
776 3465 951 3544 posuerunt
974 3481 1026 3524 eos
1048 3459 1086 3524 ad
1109 3479 1260 3536 carceres,

114 3724 169 3794 rgl.
189 3721 278 3780 autiss
296 3740 316 3780 s.
338 3723 387 3779 160
406 3739 480 3778 anm.
500 3723 513 3778 l
534 3722 605 3780 noch
624 3721 734 3786 Tobler,
753 3721 847 3777 Dritte
863 3720 1038 3790 wanderung
1055 3719 1106 3776 307
1125 3719 1154 3774 ff.
1179 3717 1260 3788 Sepp,

112 3811 165 3866 ter.
184 3811 205 3875 l,
225 3809 328 3866 XXIV.

182 3901 193 3954 l
216 3897 259 3954 Da
278 3898 329 3953 das
347 3897 612 3954 mahemedunische
626 3897 694 3968 jahr
711 3897 757 3954 ein
775 3895 925 3966 mondjahr
943 3895 996 3960 ist,
1015 3895 1084 3950 falle
1101 3893 1190 3949 dieser
1209 3894 1261 3961 teg

112 3985 188 4042 nicht
206 3986 309 4040 immer
326 3987 377 4041 eui
394 3985 448 4041 den
467 3985 596 4055 gleiehen
616 3988 668 4056 teg
685 3985 734 4041 der
747 3985 855 4040 christl.
869 3983 1076 4052 neitreclrnung.
1096 3981 1160 4050 Vgl.
1176 3977 1260 4034 Baed.

112 4073 230 4130 CXXIV.
268 4071 341 4128 »Das
360 4070 448 4143 grossu
465 4073 529 4129 Fest
548 4074 595 4129 des
613 4073 815 4143 Geburtstsgee
840 4073 887 4129 dee
905 4071 1079 4143 Propheten,
1107 4067 1156 4123 der
1174 4065 1261 4122 Molid

112 4161 245 4224 ern-Nebi,
264 4161 334 4216 vird
358 4161 397 4216 im
416 4161 533 4234 Auiaug
560 4161 607 4219 des
627 4162 733 4218 dritten
756 4163 868 4218 Monate
887 4159 961 4216 Rebi
979 4157 1116 4214 el·awwel
1136 4152 1261 4224 geteiert.

113 4253 161 4304 tm
180 4249 299 4304 aweitsn
312 4247 388 4319 Tage
407 4248 456 4305 des
471 4251 581 4306 Monate
600 4249 740 4318 beginnen
759 4249 804 4304 die
817 4245 1073 4314 Vorbersitungem
1092 4241 1137 4297 die
1151 4240 1259 4308 Haupt-

111 4335 253 4392 lestaaeht
270 4335 308 4390 ist
325 4335 370 4392 die
388 4336 451 4393 dem
469 4337 600 4394 sndlitcn
617 4335 696 4406 Tage
714 4337 762 4392 des
781 4336 892 4392 Monate
904 4328 1142 4401 sorengehende.«
1173 4324 1256 4389 Baed.

113 4409 321 4492 onor-llgypt.
339 4423 398 4479 255.
