3054 4944
647 341 711 414 282

108 527 263 589 venerunt
285 544 394 588 omnes
416 523 450 586 in
466 523 662 588 Iherusalem
684 525 718 588 in
742 525 844 603 domo,
867 523 923 588 ubi
946 522 1035 606 prius
1059 522 1186 590 beatum
1200 519 1256 588 Ja-

109 630 222 694 eobum
247 630 432 713 episcopum
448 626 761 694 lherosolimitanum
784 629 1026 695 constituissent
1049 679 1056 694 .
1076 679 1107 694 ..
1130 633 1163 694 et
1185 650 1257 692 exe-

108 737 202 798 untes
225 733 259 798 in
282 736 423 798 montem
439 730 557 798 Oliveti
581 733 621 798 ad
642 755 741 798 unum
765 735 868 800 locum
887 754 995 798 versus
1017 738 1172 813 austrum,
1194 747 1256 798 non

106 836 202 922 longe
224 860 243 902 a
265 837 353 915 loeo,
376 837 432 903 ubi
455 835 602 902 Christus
625 839 706 904 celos
729 841 923 918 ascenderat,
955 839 1064 924 ibique
1087 889 1095 904 .
1119 889 1128 905 .
1151 889 1159 904 .
1184 839 1256 923 qui·

106 941 188 1007 libet
211 944 390 1028 composuit
413 965 513 1008 unum
536 944 719 1024 articulum,
744 947 841 1028 prout
863 945 997 1029 spiritus
1012 949 1139 1009 sanctus
1162 943 1258 1008 dabat

107 1046 212 1132 eloqui
237 1047 319 1113 illi.
344 1098 376 1114 ..
423 1047 537 1113 Postea
559 1049 592 1112 in
616 1049 721 1114 eodem
747 1050 817 1116 loco
838 1049 903 1114 fuit
922 1051 1106 1115 constructa
1128 1049 1258 1115 ecclesia

107 1151 139 1215 in
163 1152 285 1218 honore
300 1155 403 1219 sancti
421 1153 531 1230 Marci,
555 1155 608 1219 sad
630 1155 724 1220 modo
739 1156 911 1236 destrueta
935 1158 967 1220 et
990 1155 1093 1220 solum
1109 1153 1259 1218 videntur

32 1285 33 1290 ¹
75 1279 78 1284 ·
109 1257 217 1341 alique
240 1263 348 1342 parter
369 1281 545 1338 murorum,
568 1281 626 1325 nee
640 1261 790 1325 visitatur
812 1261 1034 1346 aperegrinis,
1058 1259 1133 1345 quia
1155 1257 1257 1323 estin

106 1367 177 1426 orto
201 1363 363 1428 cuiusdam
387 1365 506 1448 pagani
529 1386 588 1430 nee
609 1369 700 1449 patet
722 1366 827 1432 aditus
840 1366 863 1432 ¹.

137 1465 186 1552 [p.
210 1465 292 1554 270]
318 1517 325 1532 .
350 1519 358 1534 .
384 1519 391 1534 .
420 1468 465 1534 De
486 1474 591 1535 morte
614 1472 646 1534 et
668 1471 833 1554 sepultura
855 1471 947 1536 beate
970 1468 1113 1554 Virginis
1135 1473 1168 1533 et
1190 1469 1228 1534 de

329 1575 576 1659 congregatione
594 1575 818 1659 apostolorum
838 1575 1037 1642 miraculosa.

195 1728 202 1742 .
227 1727 235 1742 .
259 1726 268 1742 .
292 1677 336 1763 [p.
361 1677 441 1764 271]
467 1728 531 1745 ...
567 1677 669 1744 Locus
692 1681 741 1744 vel
764 1681 884 1760 domus,
907 1681 940 1743 in
965 1701 1028 1764 qua
1049 1678 1152 1744 Maria
1173 1701 1258 1744 mor·

108 1785 164 1848 tua
187 1787 245 1863 est,
270 1791 318 1848 est
340 1783 373 1848 in
390 1785 547 1868 superiori
564 1793 655 1869 parte
675 1787 802 1850 montis.
847 1785 888 1848 Et
902 1785 993 1850 iuxta
1009 1784 1142 1849 eundem
1155 1784 1258 1850 locum

107 1893 155 1952 eet
176 1887 277 1968 locus,
300 1889 334 1952 in
359 1910 422 1974 qno
444 1895 572 1954 sanctus
591 1888 755 1956 lohannes
777 1890 883 1974 sepius
905 1911 1010 1954 eoram
1032 1889 1158 1973 virgine
1178 1888 1260 1972 legit

109 1993 245 2073 missam,
270 1999 302 2059 et
325 1995 466 2060 ereditur
489 1995 554 2079 pije
587 2017 656 2060 eam
686 2017 759 2060 eum
781 1999 979 2060 sacramento
1001 1993 1257 2058 communicasse.

111 2096 149 2160 Et
172 2105 246 2182 post
268 2119 425 2164 recessum
446 2097 605 2164 Johannis
633 2101 665 2164 in
690 2099 853 2184 Ephesum
876 2103 1003 2164 sanetus
1024 2097 1163 2164 «lacobus
1185 2147 1193 2162 .
1218 2148 1226 2163 .
1252 2148 1259 2162 .

110 2254 117 2268 .
141 2254 149 2268 .
174 2253 182 2268 .
206 2203 313 2287 sepius
336 2205 365 2268 ei
381 2204 463 2288 legit
478 2205 593 2270 ibidem
620 2206 750 2270 missam
773 2210 806 2269 et
826 2205 1071 2270 communicavit
1093 2226 1171 2270 eam.
1218 2203 1260 2268 Et
1284 2221 1290 2231 ·

110 2307 172 2371 ista
194 2309 257 2374 duo
279 2308 349 2374 loca
364 2308 497 2374 fuerunt
519 2310 595 2376 olim
612 2311 734 2374 inclusa
756 2311 790 2374 in
806 2333 901 2375 unam
918 2309 1091 2390 ecelesiam,
1113 2310 1167 2374 sed
1191 2330 1257 2374 mo-

109 2411 150 2476 do
173 2413 348 2490 destructa,
372 2435 431 2478 nee
450 2415 557 2501 aliqua
579 2416 671 2500 signa
693 2437 855 2481 murorum
879 2420 1046 2500 apparent,
1069 2419 1101 2480 et
1122 2415 1257 2480 circum·

4 2549 6 2560 ·
113 2537 239 2602 quaque
261 2523 308 2581 est
330 2518 523 2584 cimiterium
546 2520 689 2586 omnium
718 2521 882 2586 nationum
907 2519 1162 2586 Christianorum
1184 2520 1257 2585 acle.

109 2619 293 2702 (trecorum,
316 2623 540 2703 Armorum,
556 2623 785 2688 Abassinorum
808 2629 841 2688 et
856 2629 1035 2689 ceterorum
1050 2625 1180 2710 dempta
1201 2647 1258 2689 na-

106 2727 194 2793 tione
209 2725 400 2794 Latinorum
414 2729 470 2794 ecl.
486 2728 601 2794 fratres
618 2729 755 2794 minores
778 2734 810 2794 et
827 2730 972 2814 quisunt
995 2730 1032 2794 de
1048 2731 1112 2794 ritu
1130 2729 1258 2794 ecclesie

105 2853 254 2914 romane,
289 2833 343 2918 qui
376 2832 496 2899 habent
518 2835 682 2917 proprium
706 2834 900 2899 cimiterium
923 2855 1021 2918 prope
1044 2834 1146 2913 aliud,
1180 2835 1259 2900 bene

106 2938 289 3003 ordinatum
314 2943 346 3002 et
368 2937 677 3004 circummuratum²
704 2989 709 3002 .
733 2987 740 3002 .
768 2989 774 3002 .
800 2938 845 3023 [p.
862 2936 940 3022 272]
1047 2938 1257 3023 Sepulchrum

105 3043 242 3136 virginis
266 3043 404 3127 gloriose
436 3045 467 3108 in
496 3043 654 3128 Josaphat
676 3043 769 3108 vallis
800 3044 902 3110 medio
925 3045 1018 3110 hodie
1043 3045 1179 3129 gloriose
1201 3065 1258 3128 ap-

105 3154 208 3230 paret,
233 3149 316 3234 qaod
333 3170 397 3212 non
414 3149 518 3214 solum
535 3147 710 3213 Christiani
725 3149 837 3214 devote
852 3151 1071 3235 frequentant,
1093 3149 1258 3215 sedetiam

105 3252 255 3318 nonnulli
279 3255 397 3337 pegeni
420 3253 570 3332 visitant,
601 3256 634 3317 et
656 3252 816 3318 honorant
848 3254 949 3336 ipsam
973 3252 1108 3319 Mariam
1140 3253 1260 3317 eteius

103 3357 321 3442 sepulchrum.
346 3357 388 3424 llt
402 3360 478 3422 sunt
493 3357 538 3422 ibi
556 3357 754 3442 indulgentie
767 3357 910 3442 plenarie
924 3359 1066 3424 omnium
1076 3356 1257 3443 penarum³.

262 3464 308 3547 [p.
332 3462 410 3547 277]
434 3461 482 3526 De
504 3461 739 3528 reedificatione
762 3463 850 3528 urbis
873 3463 1105 3528 lheruaalem‘.

192 3565 328 3653 Insuper
350 3571 423 3652 post
445 3567 573 3652 aliquod
597 3571 723 3652 tempus
745 3568 912 3632 suscitavit
934 3568 1011 3633 deus
1025 3571 1132 3634 virum
1154 3591 1258 3634 roma·

665 3711 683 3747 a

173 3814 187 3866 1
212 3810 295 3866 labri
312 3811 334 3876 1,
352 3811 403 3867 399
421 3829 482 3866 war
500 3811 531 3866 in
548 3811 651 3867 diesem
671 3815 781 3881 garten.
811 3811 876 3881 Vgl.
894 3811 974 3868 Tobl.
994 3811 1140 3883 Siloahqu.
1157 3812 1209 3867 235
1228 3811 1256 3866 ff.

100 3901 116 3955 2
135 3899 224 3957 Fabri
243 3899 264 3966 1,
283 3899 335 3954 270
354 3899 386 3964 t,
412 3900 532 3955 welches
559 3899 631 3954 auch
658 3899 712 3955 den
731 3902 790 3963 ort,
809 3917 852 3956 wo
871 3899 962 3954 Maria
979 3900 1074 3965 etarb,
1094 3917 1149 3956 von
1163 3899 1258 3969 ierem

99 3990 209 4052 trennt,
229 4003 272 4044 wo
289 3987 329 4042 aie
346 3987 397 4044 der
416 3987 454 4042 hl.
468 4004 556 4043 messe
568 3985 733 4052 beiwolmte,
754 3990 828 4057 aagt,
846 3986 912 4042 dass
930 3986 976 4042 die
986 3987 1088 4042 brdder
1099 4005 1163 4044 vom
1175 3985 1259 4055 berge

98 4075 167 4133 Sion
196 4073 267 4130 sich
282 4075 345 4130 sehr
374 4075 542 4140 bemhhten,
570 4092 607 4130 an
635 4075 765 4130 letaterer
783 4074 865 4130 stelle
891 4074 954 4130 eine
973 4075 1086 4144 kapella
1115 4075 1207 4130 bauan
1225 4091 1259 4127 au

97 4164 211 4220 dufer.
247 4159 313 4232 Vgl.
332 4161 410 4218 Tobl.
430 4161 498 4233 Tap.
518 4161 560 4227 ll,
580 4163 639 4218 114.
730 4163 746 4216 3
768 4160 847 4217 Diese
870 4161 1073 4218 unterirdisehe
1091 4160 1259 4230 grablrirche

99 4251 226 4308 llarians
251 4251 289 4305 iat
308 4267 362 4306 von
382 4249 466 4306 l'ahri
483 4250 508 4314 1,
527 4251 580 4308 272
599 4249 626 4304 ff.
646 4251 710 4305 sehr
729 4250 903 4306 ausldhrlieh
925 4249 1105 4306 beeehrieben
1131 4249 1190 4304 ond
1208 4249 1259 4304 hat

97 4339 158 4394 rich
188 4337 231 4392 bie
259 4338 310 4392 aul
333 4336 388 4392 den
407 4337 541 4408 heutigan
560 4341 612 4407 tag
640 4337 681 4392 im
709 4337 837 4408 gleichen
856 4337 992 4394 sustando
1020 4335 1157 4393 erhalten.
1195 4336 1259 4407 Vgl.

98 4427 187 4482 Baed.
206 4427 242 4482 99
261 4426 280 4482 f„
370 4429 385 4480 4
404 4423 468 4480 Von
486 4443 513 4496 p.
533 4427 584 4480 272
602 4425 645 4480 bis
664 4427 715 4483 277
739 4426 848 4482 eraahlt
873 4425 1009 4488 Walther‚
1029 4423 1081 4480 wis
1099 4425 1148 4480 der
1165 4423 1259 4482 kalae:

172 4529 338 4576 remunerem.
430 4610 434 4618 .
1064 4515 1102 4580 19
