3054 4944
806 317 872 384 270

349 495 444 562 Sexta
466 495 606 560 conditio
629 498 676 558 est
698 493 950 577 supernaturalis
974 543 981 558 .
1007 543 1014 558 .
1039 544 1047 558 .
1071 541 1100 570 .,
1134 496 1166 556 et
1189 491 1272 557 hanc
1294 513 1333 557 ex
1355 491 1417 557 fide

263 603 369 688 dignis
392 605 425 666 et
447 600 588 665 honestis
611 600 789 684 peregrinis
813 600 908 664 didici
931 621 967 664 ac
990 599 1023 662 in
1047 621 1097 662 me
1120 598 1306 663 inveritate
1329 618 1415 664 com-

263 707 332 790 peri
355 757 362 772 .
387 757 395 772 .
419 755 426 771 .
472 705 556 771 Nam
581 705 735 790 quidquid
758 703 882 788 patitur
904 703 1092 788 peregrinus
1121 723 1178 786 per
1201 705 1304 767 totam
1326 724 1417 767 suam

263 811 553 897 peregrinationem
576 813 642 876 sive
665 812 697 874 in
720 813 807 874 terra
831 810 993 875 laboribus
1017 816 1048 875 et
1071 808 1327 894 fatigationibus,
1351 809 1416 872 sire

262 917 294 979 in
317 938 405 981 mare
427 915 566 980 fortunis
587 915 699 980 multis
722 921 754 979 et
778 916 957 998 piratarum
980 915 1024 999 [p.
1041 914 1120 997 208]
1144 913 1306 997 periculis,
1330 913 1414 978 calo-

262 1023 351 1086 ribus
374 1023 407 1084 et
422 1020 596 1104 algoribus,
620 1019 704 1084 fame
727 1025 760 1083 et
782 1019 846 1096 siti,
870 1020 1068 1086 crematione
1091 1025 1124 1084 et
1139 1019 1329 1084 infirmitate
1344 1039 1413 1083 cor·

263 1126 358 1210 poris,
382 1148 443 1209 qne
465 1125 572 1191 omnia
587 1127 759 1190 occurrunt
776 1126 946 1209 peregrino
968 1125 1001 1188 in
1020 1123 1129 1210 galea:
1152 1128 1247 1189 erunt
1261 1123 1324 1188 sibi
1347 1146 1414 1188 om·

262 1234 315 1296 nia
345 1232 426 1294 levia
459 1235 491 1294 et
525 1231 604 1295 bene
635 1236 837 1295 remunerata
868 1232 902 1294 in
925 1231 1029 1315 primo
1062 1231 1130 1296 ictu
1151 1229 1251 1308 oculi,
1287 1229 1414 1314 quando

263 1337 394 1420 inspicit
408 1340 528 1402 terram
543 1341 686 1406 sanctam
709 1334 901 1416 circadalia,
924 1357 998 1421 ymo
1013 1335 1152 1402 libenter
1168 1335 1323 1400 sustinuit
1345 1356 1412 1400 om·

262 1443 324 1506 uia.
370 1441 412 1506 ut
442 1441 568 1508 demum
601 1463 672 1506 cum
696 1441 898 1525 perambulat
920 1442 1031 1506 devote
1061 1445 1173 1506 sancta
1204 1441 1303 1506 loca.
1330 1490 1337 1504 .
1362 1490 1371 1505 .
1395 1489 1413 1518 .,

264 1535 389 1610 videtur
404 1547 518 1610 devoto
534 1545 705 1629 peregrino
728 1551 760 1610 et
775 1567 850 1609 vero
865 1545 1032 1625 catholico,
1056 1546 1140 1630 quod
1154 1543 1278 1610 nullum
1296 1545 1411 1610 bonum

262 1657 441 1730 terrenum,
465 1656 745 1736 quantumcunque
767 1649 959 1733 pretiosum,
991 1650 1075 1734 quod
1100 1653 1296 1732 potestesse
1319 1669 1414 1732 anper

261 1760 390 1835 terram,
413 1757 509 1820 vellet
532 1775 590 1838 pro
614 1754 672 1818 tali
694 1754 875 1819 visitatione
898 1754 1023 1818 habere.

262 1875 305 1964 [p.
322 1877 402 1964 215]
427 1878 579 1963 Sequitur
601 1883 690 1942 sexta
712 1899 796 1962 pars,
819 1879 853 1941 in
877 1900 940 1963 qua
961 1879 1091 1943 intendo
1106 1877 1283 1942 describere
1306 1897 1410 1942 sacro·

264 2004 334 2047 rum
351 1981 493 2047 locorum
515 1982 603 2045 intra
625 1984 657 2046 et
672 1986 762 2046 extra
777 1980 968 2046 iherusalem
987 2002 1171 2064 generosam
1185 1981 1411 2059 visitationem,

291 2086 476 2172 Christique
499 2084 595 2151 Ihesu
627 2087 660 2151 in
684 2087 814 2170 eijsdem
836 2086 915 2152 locis
937 2087 1169 2152 amarissimam
1191 2087 1381 2172 passionem.

347 2209 549 2288 Notandum,
582 2211 665 2294 quod
689 2209 765 2273 licet
786 2209 890 2274 multa
912 2209 977 2274 sint
999 2210 1069 2275 loca
1097 2211 1129 2274 in
1152 2208 1351 2275 Iberusalem
1381 2212 1413 2272 et

260 2322 358 2398 extra,
382 2317 414 2380 in
441 2317 557 2399 quibus
580 2315 725 2380 Christus
749 2320 897 2399 operatus
932 2321 979 2379 est
1004 2315 1140 2379 salutem
1171 2319 1313 2380 nostram
1343 2361 1413 2390 ...,

260 2428 364 2486 tamen
389 2421 455 2485 sola
478 2421 535 2485 illa
551 2421 746 2485 conscribere
761 2421 879 2500 curavi,
903 2405 936 2484 in
959 2421 1075 2505 quibus
1098 2421 1138 2484 ab
1161 2441 1198 2484 eo
1213 2418 1408 2484 notabiliora

260 2548 358 2610 opera
374 2526 564 2590 etmisteric
579 2525 763 2607 factasunt,
781 2529 813 2589 et
829 2547 890 2610 quc
899 2526 1063 2610 peregrini
1080 2527 1197 2591 nostris
1212 2523 1411 2608 temporibus

260 2631 390 2696 visitare
407 2637 647 2696 consueverunt.
693 2630 735 2694 Et
750 2631 783 2694 in
800 2631 1025 2696 conscribendo
1040 2631 1112 2696 volo
1124 2635 1234 2695 tencre
1249 2631 1326 2694 duos
1342 2649 1410 2692 mo-

261 2739 334 2803 dos:
359 2737 465 2803 Primo
487 2759 547 2823 pro
562 2737 729 2802 devotione
750 2737 926 2819 legentium
942 2737 1015 2802 rolo
1039 2741 1148 2800 tenere
1162 2735 1289 2800 modum
1306 2755 1411 2798 ewan-

261 2844 447 2929 gelistarum
472 2844 643 2908 secundum
666 2848 756 2906 actus
779 2842 935 2925 passionis
958 2840 1097 2922 Christi,
1121 2841 1257 2905 secundo
1279 2839 1412 2902 intendo

262 2949 401 3014 breviter
423 2951 550 3033 signare
572 2949 642 3014 loca
676 2953 708 3012 et
730 2947 866 3012 formam
889 2947 1040 3011 visitandi
1070 2946 1198 3031 singula
1220 2965 1309 3009 sacra
1332 2943 1412 3022 loca,

261 3077 322 3141 que
346 3057 438 3120 modo
461 3053 673 3136 communiter
694 3056 871 3116 seruantur.
918 3051 965 3115 Ex
988 3073 1051 3135 quo
1067 3055 1172 3115 autem
1189 3048 1335 3114 Christus
1352 3098 1360 3113 .
1377 3097 1411 3112 ..

259 3167 335 3226 ante
358 3159 537 3250 passionem
560 3165 592 3224 et
613 3161 750 3223 mortem
774 3158 966 3221 altissimum
988 3159 1222 3221 sacramentum
1246 3155 1279 3218 iu
1302 3159 1411 3219 monte

259 3266 345 3351 Syon
368 3266 509 3329 instituit
532 3313 601 3342 ...,
625 3270 702 3328 tunc
725 3265 829 3347 primo
844 3263 976 3327 intendo
999 3263 1104 3326 locum
1120 3263 1268 3326 devotum
1292 3259 1411 3324 montis

259 3370 344 3455 Syon
367 3375 511 3434 stactus
534 3369 614 3433 inibi
637 3375 780 3453 peractos
804 3369 989 3432 describere.

348 3477 394 3559 [p.
418 3472 494 3562 216]
519 3474 636 3554 Locus,
668 3476 723 3538 ubi
747 3473 893 3539 Christus
925 3473 1004 3537 lavit
1039 3473 1133 3557 pedes
1169 3471 1409 3556 discipulorum,

259 3579 428 3645 manifeste
451 3583 585 3664 apparet
607 3580 639 3643 in
662 3583 771 3644 moute
787 3577 890 3663 Syon3
914 3581 962 3642 est
984 3577 1030 3641 ibi
1053 3581 1162 3656 altare,
1187 3577 1308 3642 distans
1332 3599 1409 3662 quc-

258 3689 331 3750 tuor
354 3706 464 3768 passus
485 3708 504 3750 a
527 3685 597 3750 loco
621 3707 706 3764 cene,
730 3689 762 3749 et
784 3689 858 3747 sunt
881 3683 927 3747 ibi
942 3683 1140 3766 indulgentie
1162 3688 1286 3767 septem
1308 3702 1407 3745 anno-

260 3813 330 3856 rum
353 3795 386 3856 et
407 3796 530 3875 septem
552 3813 740 3855 carenarum
755 3789 775 3852 ¹.

260 3964 404 4020 Walthcrs
423 3963 478 4019 ecit
496 3963 588 4032 wenig
614 3963 681 4018 oder
707 3979 759 4032 gar
782 3905 862 4016 nicbt
882 3961 1032 4016 veruncert
1054 3959 1162 4024 haben,
1182 3960 1240 4029 vgl.
1261 3959 1409 4015 besonders

259 4053 304 4107 die
323 4051 533 4107 ausidhrlichen
552 4051 681 4120 angaben
699 4051 729 4104 in
749 4049 864 4106 Toblers
879 4049 1085 4103 Dcnlrblattern
1105 4065 1154 4102 aus
1167 4047 1323 4102 Jerusalem
1345 4045 1408 4110 iff,

259 4140 352 4196 ferner
372 4139 519 4202 Baedelrer,
539 4139 637 4210 Syrien
655 4138 712 4192 und
733 4137 881 4192 Pal'datina
904 4135 990 4192 LXVI
1010 4135 1038 4189 ff.
1059 4155 1083 4189 u.
1104 4137 1146 4191 39.

330 4230 342 4282 1
361 4227 447 4282 urent
471 4246 501 4282 ω
519 4244 611 4296 genae
632 4225 713 4280 naun
732 4227 752 4290 1,
772 4229 831 4280 244.
868 4212 942 4280 teet
971 4225 1024 4280 cen
1047 4223 1207 4279 vicinenen
1225 4223 1343 4278 neuneu
1361 4221 1409 4276 uer

258 4315 396 4372 tradition
421 4315 450 4368 in
473 4315 563 4384 beaug
587 4313 639 4368 aul
660 4313 714 4368 den
738 4315 784 4370 ort
809 4313 857 4368 der
882 4313 1090 4382 fullwaschung
1109 4313 1166 4383 vgl.
1191 4311 1270 4368 Tobl.
1289 4311 1357 4382 Top.
1375 4308 1407 4372 11,

262 4401 314 4458 106
331 4401 359 4456 ff.
