3062 4938
640 327 678 394 17

95 504 164 568 terit
191 525 252 568 nos
275 503 315 568 ed
337 503 505 587 prandium
530 503 592 567 diei
616 503 795 586 sequentis,
826 525 887 588 que
910 507 979 567 eret
1002 503 1114 587 vigilio
1136 503 1236 568 sancti

94 607 214 674 liethei.
263 609 314 674 Ad
337 629 432 692 quem
455 629 548 672 mene
563 606 787 672 festinavimus
810 628 881 672 cnm
902 608 1030 692 gaudio,
1054 612 1087 672 et
1109 613 1238 692 peracto

92 714 186 778 olficio
212 715 245 777 in
262 713 342 778 ville
355 713 377 793 ¹,
402 713 522 797 largum
543 712 635 778 nohis
652 713 740 777 dedit
755 713 1016 778 benedictionem.
1064 711 1155 778 Leus'
1171 713 1239 791 deo,
1285 760 1289 770 .

94 820 141 904 qni
162 820 257 883 novit
274 817 530 884 benefactoribus
553 818 671 882 nostris
695 818 873 883 retribuere
895 824 1039 903 tempore
1062 822 1239 902 oportuno!
1277 899 1281 906 Ι

91 923 207 990 Deinde
239 924 272 988 in
305 925 414 988 eedem
444 923 556 1008 vigilie
580 923 637 1006 [20
660 922 762 1008 Sept]
787 923 1000 1007 applicuimus
1033 926 1134 990 monti
1159 923 1238 989 Got-

90 1029 194 1108 hnrdc,
219 1034 252 1094 ct
274 1029 307 1093 in
330 1029 384 1092 vie
399 1030 483 1094 inter
500 1035 622 1094 montes
638 1028 778 1093 occurrit
796 1028 890 1093 homo
913 1028 1013 1110 nohis,
1037 1030 1238 1094 (155555551-

90 1137 145 1200 551
168 1134 332 1212 mirabile,
356 1135 483 1198 nomine
505 1156 658 1198 murmur.
706 1133 748 1197 Et
777 1133 853 1198 licet
884 1135 927 1198 sit
949 1139 1114 1199 mansuete
1138 1135 1240 1199 bestia

90 1241 124 1304 de
143 1261 204 1304 sus
227 1243 353 1318 notura,
384 1244 490 1303 tamen
514 1239 680 1304 moraliter
704 1238 789 1303 inter
814 1238 985 1304 monachos
1017 1244 1050 1304 et
1072 1239 1239 1324 religiosos

90 1351 131 1410 est
153 1345 295 1409 multum
317 1344 454 1408 crudelis
477 1349 510 1408 et
531 1343 671 1427 plurime
689 1345 827 1427 dampna
842 1343 941 1409 infert
964 1345 1061 1410 etiem
1085 1345 1162 1409 viris
1185 1345 1237 1409 de·

90 1451 178 1516 rotis.
227 1449 268 1514 Et
283 1449 374 1514 tnrdc
389 1449 532 1513 venimus
548 1449 638 1534 qussi
661 1449 701 1513 ed
716 1449 854 1513 medium
870 1449 988 1515 montis
1003 1447 1026 1530 ²,
1050 1451 1105 1514 ubi
1121 1451 1238 1514 iterum

89 1557 232 1620 dominus
246 1573 436 1638 precurrens
451 1575 508 1618 nos
521 1553 753 1639 disponensque
769 1555 860 1619 nobis
873 1555 1020 1620 devotum
1033 1555 1237 1634 sacerdotem,

90 1663 141 1746 qui
165 1661 245 1725 emit
268 1659 361 1724 nobis
392 1659 469 1724 setis
500 1659 538 1722 de
560 1657 691 1722 meliore
714 1660 788 1724 vino
820 1681 879 1742 pro
911 1659 1127 1738 collatione⁸3
1164 1659 1237 1724 hos·

88 1787 206 1850 pesque
230 1785 288 1829 nos
309 1785 463 1848 generose
487 1763 674 1846 hospitavit.
719 1762 833 1850 Ibique
855 1785 925 1829 sero
948 1765 1043 1828 multi
1067 1764 1143 1844 15151Ι
1163 1785 1238 1830 con-

88 1875 267 1949 currerunt,
291 1870 434 1934 volentes
460 1890 550 1934 mene
572 1867 740 1934 escendere
762 1873 914 1950 montem,
937 1870 1052 1954 quibus
1078 1871 1240 1935 associatis

89 1977 119 2040 in
145 1975 247 2040 medin
269 1981 363 2040 nocte
391 1979 560 2059 surgentes
583 1981 616 2038 et
646 1995 703 2039 nos
732 1995 803 2038 cum
826 1975 905 2058 ipsis
928 1975 1126 2040 escendimus
1149 1975 1239 2058 quusi

90 2083 127 2146 ed
144 2085 297 2148 verticem
313 2081 441 2147 montis.
488 2079 530 2144 Et
548 2081 690 2144 venimus
707 2101 798 2144 mene
821 2084 896 2144 ente
914 2080 1126 2164 inceptionem
1142 2079 1240 2144 officii

88 2189 126 2253 nd
149 2185 349 2272 plebanum*
373 2185 513 2250 eiusdem
536 2185 676 2263 ecclesie,
700 2184 809 2269 ibique
825 2184 981 2250 celebravi
1006 2186 1036 2249 in
1064 2185 1109 2268 [p.
1134 2182 1167 2272 9]
1190 2185 1240 2249 die

87 2293 190 2361 suncti
223 2291 346 2356 Methei
379 2289 431 2375 [21
457 2287 570 2372 Sept.].
618 2288 711 2353 Dicte
732 2289 828 2354 missu
859 2293 1081 2373 procuratores
1112 2289 1240 2355 ecclesie

89 2402 342 2483 procuraverunt
365 2395 456 2460 nobis
478 2395 647 2478 prandium
675 2415 745 2459 cum
770 2394 895 2479 hospite
919 2396 1055 2460 eiusdem
1080 2395 1174 2476 ville,
1209 2402 1240 2460 et

88 2510 199 2586 posteo
234 2502 440 2568 transivimus
471 2506 574 2566 totum
599 2504 738 2564 montem
770 2506 802 2564 et
824 2521 894 2566 sero
917 2501 1107 2566 intravimus
1129 2501 1239 2566 villam

87 2607 237 2674 Orienem
252 2607 276 2686 ⁶,
309 2607 508 2692 hospitantes
540 2627 611 2671 cum
636 2603 784 2670 Gabriele
809 2593 952 2688 hospite,
984 2606 1039 2690 qui
1069 2605 1145 2671 olim
1171 2611 1240 2671 eret

87 2835 205 2892 tolleret
223 2835 313 2890 seiten
332 2835 471 2904 gemacht.
510 2833 603 2888 noller
621 2849 725 2888 unsern
743 2833 855 2903 pilgern
873 2833 943 2888 fond
962 2833 1007 2888 ich
1024 2850 1078 2886 nur
1096 2833 1171 2898 drei,
1195 2831 1240 2888 die

86 2923 181 2980 diesen
200 2940 263 2994 weg
281 2923 508 2992 5153555515355(
530 2921 605 2978 11555
624 2921 806 2990 5115115355
829 2920 921 2992 (1460)
943 2921 994 2974 eui
1010 2921 1073 2976 dem
1094 2921 1239 2989 rnckrrege

87 3012 145 3066 und
164 3013 272 3082 Uesper
291 3029 345 3068 ron
364 3007 600 3083 murimundo)
625 3008 708 3066 sowie
736 3009 836 3062 Petrus
856 3007 996 3078 1111115355
1015 3008 1084 3064 1565
1108 3009 1160 3062 anf
1175 3007 1238 3062 dem

87 3099 227 3170 51555535.
266 3099 349 3156 11515.
370 3098 401 3156 D.
419 3098 488 3170 pilg.
510 3098 569 3164 142,
587 3097 647 3164 220,
667 3097 726 3152 261.
766 3095 817 3151 Die
844 3096 961 3166 dhrigcn
985 3095 1090 3167 315355
1109 3097 1240 3152 meistens

88 3187 156 3241 nber
175 3185 442 3257 (1551515553551
461 3186 538 3241 donn
558 3185 626 3239 iiber
645 3184 690 3239 die
709 3183 903 3238 Finstermdns
925 3184 992 3240 oder
1010 3183 1081 3239 euch
1101 3183 1168 3238 iiber
1187 3182 1240 3238 den
1301 3173 1303 3176 ’

88 3271 223 3329 Brenner.

159 3363 173 3417 l
195 3361 308 3426 Wesen,
327 3361 434 3419 station
458 3361 503 3416 1115
521 3360 622 3432 pilger.
660 3360 725 3431 Vgl.
743 3360 895 3432 Eptingen,
924 3359 1053 3416 Schwein.
1072 3358 1241 3429 geschichts-

87 3446 220 3504 l'orscher.
243 3448 400 3505 1155518211.
429 3449 488 3515 vll,
507 3451 567 3505 402.
674 3451 691 3504 2
709 3448 893 3519 Hospenthnl,
912 3465 954 3504 wo
972 3449 1012 3502 im
1032 3449 1065 3503 13
1081 3446 1175 3517 jehrh.
1195 3445 1240 3500 ein

87 3531 214 3604 hospite}
234 3535 280 3589 fnr
297 3536 421 3592 reisende
433 3537 567 3592 errichtet
585 3536 690 3602 wurde,
710 3553 809 3593 worcn
827 3535 877 3590 der
895 3538 941 3592 ort
961 3535 1057 3590 551555
1075 3551 1179 3590 nemen
1198 3551 1240 3589 er-

86 3617 167 3676 hielt.
293 3625 311 3680 8
330 3624 458 3690 collatio,
476 3625 569 3682 1515155
588 3625 823 3692 cbendmehlseit,
841 3625 926 3680 55155
945 3625 1094 3694 5115113553
1113 3642 1150 3679 55
1170 3623 1241 3678 1551-

88 3711 186 3780 153555.
222 3712 281 3768 Dee
299 3715 369 3768 wort
387 3713 527 3768 verdenlrt
545 3713 619 3770 diere
638 3713 802 3784 bedeutung
825 3713 875 3770 der
898 3713 929 3769 in
948 3713 1003 3768 den
1022 3713 1147 3768 hltstern
1165 3712 1242 3766 herr-

88 3798 228 3856 sehenden
246 3801 329 3867 sitte,
356 3819 390 3856 nn
407 3802 462 3857 den
480 3801 591 3858 kleinen
611 3801 839 3873 erfrischnngen‚
868 3802 973 3858 welche
992 3801 1096 3857 555515
1115 3799 1241 3870 35551551

88 3887 215 3954 worden,
233 3905 284 3944 555
303 3889 367 3946 dem
379 3889 468 3946 buche
481 3889 620 3954 Cossinius,
640 3890 820 3956 Collctiones,
840 3891 1010 3946 vorrnlesen.
1048 3888 1140 3945 Ueber
1153 3887 1242 3941 dieses

90 3974 168 4029 nen
186 3977 262 4032 eene
283 3976 371 4033 were
390 3977 483 4034 wem
501 3979 537 4044 11,
555 3979 633 4036 5555.
756 3964 775 4034 4'
794 3979 955 4051 organum
973 3978 1023 4034 ner
1041 3978 1162 4048 praue,
1180 3973 1240 4027 mer

89 4061 245 4132 5113555515
263 4065 313 4122 der
325 4065 480 4136 3515111555.
516 4067 608 4124 Ueber
627 4068 677 4122 des
691 4067 793 4138 hospis,
815 4068 912 4124 dessen
926 4063 1149 4138 grnndungsseit
1162 4059 1242 4114 nicht

88 4147 231 4218 1551515151,
245 4152 398 4223 jedeniclls
416 4153 484 4210 eber
501 4171 551 4209 ror
571 4155 636 4209 1331
657 4154 731 4218 itllt,
754 4155 811 4224 531.
824 4143 974 4216 11515555,
999 4151 1049 4205 Die
1069 4149 1240 4218 Alpenptsse

88 4249 114 4288 ι
134 4253 162 4294 5.
183 4255 206 4294 5.
227 4240 283 4294 und
303 4239 457 4304 lichenes,
486 4239 640 4295 Urlrnnden
659 4257 708 4294 sur
726 4240 886 4310 geschichte
914 4241 964 4295 des
983 4235 1241 4304 (lottherd-pusses.

90 4325 197 4382 Archiv
215 4325 260 4381 ihr
279 4327 402 4384 55155515.
422 4327 581 4398 geschichte
599 4327 788 4382 XVIII-XX.
863 4329 879 4382 5
900 4327 1002 4388 hircio,
1023 4341 1077 4381 von
1101 4323 1240 4393 ilpnngen

88 4409 141 4464 2111
161 4413 245 4484 05315
263 4419 398 4484 genennt.

163 4516 324 4568 rma-nen.
1065 4505 1086 4570 2
