3056 4944
813 363 876 430 156

269 539 371 618 drata,
394 539 472 604 satis
494 539 560 602 lata
582 539 665 604 sicut
681 539 812 622 ingram
835 541 930 623 prati,
956 541 1077 624 repleta
1097 545 1223 606 recente
1243 565 1326 627 aqua
1347 544 1421 608 ahs·

268 665 329 728 que
352 648 456 708 brnen
481 645 621 729 piscihus
636 645 657 709 ¹.
704 645 752 710 lbi
776 646 885 710 lavant
922 648 953 711 in
990 649 1112 713 duobus
1146 648 1273 733 angulis
1300 651 1420 734 pagani

268 750 423 833 genitalia
444 771 501 814 sua
524 755 556 814 et
575 773 688 816 manus
712 755 744 816 et
758 752 862 835 pedes,
886 756 1058 838 postquam
1074 758 1293 837 peccaverunt,
1316 757 1348 818 et
1370 755 1420 818 di·

268 859 345 918 cunt
381 876 415 919 se
447 877 512 919 csse
535 857 670 920 mundos
693 879 711 920 a
734 857 872 940 peccatis
897 858 979 922 sicut
1010 879 1068 922 nos
1101 880 1159 942 per
1180 857 1420 924 confessionem.

268 960 309 1024 Et
332 967 443 1044 postea
466 961 587 1026 vadunt
609 963 649 1026 ad
673 961 837 1046 angulum,
861 963 918 1046 qui
942 967 991 1026 est
1014 963 1051 1026 ad
1070 967 1223 1039 austrum,
1247 966 1279 1027 et
1301 963 1346 1028 ihi
1369 964 1418 1028 di-

268 1071 345 1130 cunt
369 1066 540 1132 orationes.
587 1065 628 1130 Et
652 1087 711 1149 ego
728 1067 790 1130 vidi
806 1066 907 1130 oculis
928 1067 1010 1130 meis
1032 1069 1064 1130 et
1086 1065 1143 1130 alii
1158 1066 1334 1130 confratres
1357 1067 1419 1130 mei

266 1167 311 1236 aic
333 1193 367 1236 se
390 1172 497 1236 lavare
519 1173 623 1236 virum
647 1171 787 1254 turpiter
816 1192 922 1236 coram
948 1170 1093 1234 omnihus
1109 1167 1132 1234 ⁹.
1179 1169 1215 1234 ln
1240 1171 1349 1236 eadem
1372 1171 1418 1236 ci-

267 1277 367 1341 vitate
399 1281 447 1341 est
468 1278 623 1360 templum
648 1276 715 1341 sive
737 1297 861 1355 musca,
895 1276 1014 1361 inqua
1046 1281 1094 1339 est
1116 1275 1232 1360 duplex
1256 1276 1419 1360 spelunca,

266 1403 362 1466 quam
385 1383 461 1447 emit
479 1383 642 1446 Abraham
665 1381 706 1445 ab
723 1381 865 1465 Ephron,
892 1381 947 1466 qui
965 1381 1132 1445 habitabat
1154 1381 1186 1444 in
1214 1381 1318 1446 medio
1334 1380 1419 1444 filio·

265 1509 337 1550 rum
360 1485 467 1566 Heth,
491 1488 545 1572 qui
570 1488 790 1552 intercesserat
814 1509 873 1572 pro
896 1487 1080 1566 Abraham,
1113 1491 1151 1551 ut
1176 1486 1303 1570 Ephron
1328 1487 1420 1550 daret

266 1591 326 1655 sibi
344 1593 528 1676 speluncam
548 1593 581 1656 in
597 1615 675 1678 agro
696 1615 752 1657 suo
775 1593 807 1656 in
825 1593 1054 1676 possessionem
1071 1591 1276 1672 monumenti,
1301 1596 1337 1655 ut
1360 1591 1419 1656 ha·

266 1697 359 1762 betur
383 1697 461 1763 Gen.
485 1699 538 1764 23.
584 1697 651 1763 Ista
674 1721 782 1764 musca
805 1703 853 1763 est
869 1699 960 1763 valde
982 1719 1100 1781 magna
1123 1703 1155 1761 et
1170 1698 1419 1762 circummurata

266 1802 441 1868 fortissime
464 1825 536 1868 cum
551 1805 651 1868 muris
675 1804 750 1868 altis
774 1805 857 1868 sicut
873 1807 1014 1868 castrum
1031 1802 1053 1882 ⁸,
1077 1808 1109 1866 et
1129 1802 1226 1868 habet
1242 1803 1318 1867 duas
1334 1801 1418 1866 altas

264 1907 397 1971 turres⁴
422 1909 453 1970 in
472 1908 594 1973 duobus
610 1909 749 1994 angulis,
772 1909 811 1973 ad
833 1929 911 1992 quas
928 1899 1057 1972 statutis
1081 1907 1168 1970 horis
1190 1907 1241 1972 die
1263 1928 1300 1971 ac
1324 1911 1418 1973 nocte

264 2013 439 2076 ascendunt
461 2034 557 2097 super
573 2014 745 2097 pinnacula
761 2035 870 2078 eorum
894 2013 995 2098 aliqui
1019 2013 1055 2076 ad
1082 2012 1140 2076 hoc
1156 2013 1312 2092 conducti,
1337 2013 1418 2078 hena

264 2116 441 2192 vociferati,
460 2117 634 2184 clamantes
650 2120 716 2184 alta
731 2141 806 2183 voce
828 2119 860 2182 in
877 2119 996 2201 lingua
1014 2139 1142 2182 eorum:
1169 2116 1314 2196 averita,
1337 2117 1419 2184 hora

265 2229 322 2301 est,
346 2225 379 2286 ct
401 2222 529 2287 laudate
560 2223 605 2308 [p.
632 2221 688 2309 73]
715 2221 969 2302 Machametum,
1001 2221 1178 2306 apostolum
1203 2244 1329 2302 verum,
1360 2225 1416 2308 qui

264 2327 365 2392 maior
388 2333 435 2391 est
451 2328 627 2392 omnibus«
676 2325 833 2391 Nonnulli
852 2326 972 2406 dicunt,
997 2327 1079 2410 quod
1095 2327 1235 2391 clamant
1257 2327 1291 2390 in
1307 2335 1417 2395 nocte:

264 2431 424 2498 sGreacite
449 2439 481 2497 et
495 2431 768 2516 multiplicamini,
792 2436 824 2496 et
848 2424 969 2515 replete
986 2437 1139 2513 terramr,
1163 2431 1334 2496 incitantes
1356 2454 1416 2516 pa-

826 2537 843 2568 s

335 2607 346 2659 t
378 2606 444 2661 liter
469 2607 507 2660 ist
522 2604 675 2675 jedenlalls
693 2603 742 2658 der
760 2607 858 2659 untere
877 2621 931 2660 von
957 2604 1013 2660 den
1034 2603 1133 2658 baden
1152 2603 1261 2659 teichen
1279 2605 1415 2675 gemeint,

262 2693 308 2748 dic
326 2693 437 2750 Hebron
458 2693 568 2748 hesitat.
605 2692 736 2747 Darselbe
753 2691 792 2747 ist
810 2692 966 2762 riereclrig,
997 2709 1033 2746 an
1048 2691 1130 2762 jeder
1154 2691 1223 2746 scits
1240 2693 1275 2746 40
1294 2709 1321 2746 ιιι
1343 2693 1416 2764 lang

261 2781 318 2834 und
338 2780 388 2838 6¹h
409 2799 437 2833 m
466 2779 525 2836 ties.
562 2779 642 2834 Nach
669 2779 718 2834 der
744 2780 882 2837 tradition
911 2779 967 2836 liess
988 2779 1079 2835 David
1106 2779 1167 2834 hier
1196 2780 1241 2834 dio
1260 2779 1346 2836 leiher
1364 2781 1415 2836 der

262 2869 372 2923 mttrdcr
390 2869 531 2925 Isbossths
550 2869 722 2938 aufhdngen.
750 2869 917 2938 11.Reg.4‚
940 2871 952 2923 1
973 2868 1002 2925 ff.
1030 2867 1114 2924 Baed.
1134 2867 1194 2923 172.
1298 2869 1315 2922 2
1341 2867 1414 2925 uino

262 2955 392 3011 thuliche
410 2957 521 3025 angohe
541 2956 592 3010 hut
611 2955 694 3011 Harii*
711 2956 775 3020 180;
801 2974 832 3011 er
849 2959 921 3026 sagt,
941 2957 1005 3012 dass
1023 2957 1061 3012 im
1081 2957 1185 3026 tempel
1205 2975 1239 3010 zu
1256 2957 1412 3013 Jerusalem

187 3067 191 3077 ·
262 3043 323 3098 eine
342 3044 500 3112 viereohige
518 3044 637 3098 aisterne
656 3043 695 3099 sei
716 3044 783 3100 »dae
802 3043 859 3098 sich
878 3044 925 3099 die
937 3044 1046 3114 heyden
1061 3043 1202 3114 degoliehs
1220 3061 1266 3099 uss
1284 3045 1412 3102 waschen

261 3130 314 3185 dat
326 3130 432 3200 seluiga
452 3131 497 3199 lyt
511 3130 564 3186 dae
576 3131 628 3185 mit
647 3149 679 3202 sy
698 3131 743 3187 die
756 3133 853 3186 naicht
871 3132 928 3186 aelf
943 3131 997 3186 den
1016 3131 1098 3186 daich
1112 3131 1281 3203 gesundigct
1293 3133 1413 3190 harem.

262 3222 305 3274 Au
324 3219 401 3274 einer
420 3219 526 3274 andern
552 3220 635 3276 stella
655 3221 688 3275 99
707 3223 774 3289 sagt
799 3237 828 3275 er
845 3218 973 3275 dassslbe
1002 3237 1074 3288 gana
1102 3219 1255 3288 allgemein
1273 3239 1328 3278 von
1356 3223 1410 3279 den

263 3307 381 3362 maisten
400 3307 554 3362 moscheen.
592 3308 805 3378 ›Waschungen
824 3307 916 3362 haben
941 3325 974 3361 au
994 3307 1119 3378 erlolgen
1138 3325 1188 3364 vor
1205 3307 1267 3362 dem
1288 3309 1413 3379 Baginas

261 3395 406 3465 religioser
425 3393 627 3464 flandlungen,
655 3413 685 3451 ιο
704 3413 754 3452 vor
772 3397 835 3451 darn
855 3395 973 3459 Gebate,
999 3394 1074 3450 baim
1095 3394 1206 3449 Antritt
1224 3395 1301 3451 einer
1320 3397 1412 3454 Walt-

263 3483 349 3544 fahrt,
368 3481 476 3536 sodann
494 3483 567 3536 nach
587 3483 786 3553 Betriedignng
805 3482 978 3537 natttrlicher
992 3481 1169 3536 Bedttrtnisse
1188 3481 1244 3536 und
1255 3482 1412 3553 Begierden

261 3570 318 3624 und
346 3569 420 3624 nach
448 3571 612 3640 Beruhrung
639 3571 768 3626 unreiner
786 3569 984 3640 uegenstande
1012 3569 1080 3625 oder
1098 3568 1252 3640 Bagehung
1278 3571 1413 3628 nursiner

262 3657 474 3726 Handlungen«.
511 3657 612 3722 Hadri,
640 3657 695 3712 Der
714 3659 805 3712 islam.
842 3657 946 3712 Leiden
967 3658 1042 3712 1882.
1061 3673 1081 3711 ι.
1102 3659 1143 3713 57.
1250 3657 1267 3712 8
1296 3658 1346 3714 Dia
1365 3659 1411 3715 bs·

260 3746 372 3799 ruhmte
391 3743 478 3814 grotta
491 3747 616 3802 moschce
629 3747 744 3816 (Harum
762 3745 914 3816 el-chslit).
951 3733 1026 3800 [lber
1041 3743 1163 3800 dissolbe
1175 3744 1249 3799 siche
1262 3743 1411 3802 besonders

261 3831 419 3887 Eb.·Gutha
438 3832 471 3896 ΙΙ,
490 3833 541 3887 217
561 3833 603 3888 bis
621 3835 672 3889 223
691 3851 717 3887 u.
737 3849 812 3886 snm.
833 3832 875 3889 38.
946 3835 963 3888 4
986 3833 1064 3889 Dicas
1082 3832 1182 3888 beiden
1200 3833 1293 3888 tttrrns
1310 3833 1409 3890 stchen

260 3922 330 3976 noch
349 3921 446 3986 heuta;
474 3921 626 3991 eigantlich
652 3921 689 3975 ist
715 3921 761 3975 die
779 3921 883 3990 anlage
906 3939 940 3974 au
959 3921 1018 3975 viar
1037 3923 1149 3977 thrmen
1168 3919 1332 3976 vorhanden
1351 3923 1409 3977 und
1478 3945 1487 3966 ι

259 4008 352 4063 Guthe
370 4007 486 4076 glarrbt,
515 4007 579 4062 dass
606 4008 650 4062 dia
669 4009 775 4062 andern
800 4008 867 4064 awai
886 4009 1103 4064 verschwunden
1130 4009 1213 4064 saian.
1251 4009 1293 4064 Da
1321 4010 1410 4066 ausser

259 4096 391 4150 Walther
414 4096 480 4152 kain
498 4096 589 4165 pilger
616 4095 690 4150 disse
709 4097 801 4151 tttrme
818 4095 1015 4152 ansdrdchlich
1034 4096 1162 4152 erwahnt
1187 4097 1283 4167 (Fabri
1303 4097 1336 4163 ll,
1357 4099 1410 4155 350

259 4187 325 4253 sagt
343 4201 396 4238 nur
415 4183 580 4251 allgemein:
606 4183 745 4238 ‚iurabas
764 4201 825 4240 eam
845 4184 1056 4254 muniverunt«)
1075 4203 1106 4242 so
1123 4185 1161 4241 ist
1179 4186 1277 4243 dassen
1295 4187 1409 4258 angabe

258 4271 387 4340 wichtig‚
413 4270 476 4325 weil
496 4287 545 4324 sus
563 4271 609 4324 ihr
626 4271 810 4342 hervorgeht,
836 4273 899 4328 dass
918 4273 1022 4328 bereits
1040 4273 1150 4328 damals
1175 4273 1221 4329 die
1239 4273 1338 4330 beiden
1357 4291 1408 4330 an·

258 4357 326 4412 darn
345 4361 438 4414 turma
457 4358 707 4414 »remchwundem
727 4377 834 4429 waren,
854 4378 934 4418 wenn
961 4362 1001 4416 sia
1020 4361 1180 4432 uberhaupt
1202 4362 1233 4431 je
1251 4362 1407 4418 bastanden

258 4445 366 4501 hatten.
