3054 4942
815 351 880 414 244

269 527 302 586 et
325 522 369 585 ibi
386 523 527 587 visitavit
549 545 615 588 eam
640 525 761 607 regina,
787 529 818 588 εὴ
841 525 874 588 in
892 527 1000 590 eodem
1025 524 1120 590 etiam
1136 525 1253 592 fuimus
1267 528 1288 594 ¹.
1335 527 1420 594 Item

268 627 301 690 in
324 627 519 692 Alexandria
552 629 641 713 quasi
676 628 710 691 in
743 629 805 693 fine
836 629 976 694 civitatis
1007 653 1071 695 una
1093 631 1248 696 mirabilis
1270 633 1421 698 columna

268 737 383 813 erecta,
407 755 467 817 que
483 733 668 797 nominatur
694 754 768 798 acus
791 734 874 798 sicut
895 734 952 798 illa
968 733 1077 814 Rome,
1100 757 1161 820 que
1183 740 1231 801 est
1246 738 1326 802 mire
1349 739 1420 803 lon-

268 837 439 922 gitudinis,
472 842 505 902 et
535 837 629 921 clipei
653 837 857 922 antiquorum
883 859 1078 922 paganorum
1113 842 1145 904 in
1169 843 1278 907 eadem
1301 865 1320 906 a
1342 845 1422 926 pede

267 943 426 1026 usquead
451 943 666 1006 summitatem
691 942 758 1006 eius
781 943 899 1027 sculpti
922 950 999 1008 sunt
1021 950 1053 1008 et
1076 946 1108 1009 in
1131 947 1240 1012 infimo
1264 948 1421 1030 imagines

267 1069 416 1112 aucarum
430 1045 451 1112 ².
499 1049 543 1132 [p
569 1045 648 1132 112]
672 1045 755 1110 ltem
778 1047 859 1112 feria
882 1051 1033 1128 secunda,
1066 1051 1185 1136 inqua
1217 1057 1286 1116 erat
1307 1053 1423 1136 vigilia

267 1150 404 1216 Simonis
427 1155 459 1216 εὴ
481 1151 563 1218 Jude
586 1153 641 1237 [27
667 1149 777 1234 Okt.],
800 1155 888 1216 venit
913 1154 1050 1238 quedam
1082 1177 1179 1238 parva
1203 1179 1282 1220 nava
1305 1157 1344 1221 de
1366 1155 1420 1220 ci-

266 1256 340 1320 licia
362 1278 431 1321 cum
456 1258 562 1320 nautis
578 1255 781 1320 Christianis.
830 1257 1045 1341 Percipientes
1060 1262 1176 1342 pagani
1202 1261 1341 1338 barbari,
1364 1263 1421 1347 qui

267 1366 359 1427 erant
374 1361 577 1442 Alexandria,
600 1363 747 1426 exierunt
771 1383 840 1426 cum
864 1363 951 1427 fusta
974 1363 1038 1428 illis
1062 1365 1189 1430 obviam
1212 1372 1244 1429 et
1264 1371 1420 1450 ceperunt

266 1467 350 1548 illos,
366 1468 539 1552 spoliantes
554 1473 586 1531 et
601 1467 797 1532 denudantes
815 1489 878 1548 eos,
895 1471 1117 1554 duxeruntque
1133 1470 1206 1534 illos
1219 1469 1421 1537 Christianos

266 1596 371 1639 secum
387 1573 626 1650 Alexandriam,
649 1571 760 1656 ligatis
776 1573 921 1638 cathenis
944 1574 983 1638 ad
1005 1575 1089 1638 colla
1111 1597 1230 1654 eorum,
1255 1577 1421 1642 trahentes

266 1678 360 1744 simul
384 1700 587 1762 peromnem
610 1677 765 1761 populum
790 1677 850 1742 heu
865 1679 1091 1744 miserabiliter
1114 1702 1187 1746 cum
1203 1703 1320 1766 magna
1343 1705 1420 1748 con-

269 1784 393 1850 fusione
417 1791 450 1849 et
473 1783 629 1860 clamore,
661 1783 835 1867 gaudentes
869 1792 901 1849 et
924 1784 1005 1848 festa
1027 1785 1179 1850 facientes
1221 1789 1421 1852 incluserunt

266 1911 319 1954 eos
342 1889 381 1954 ad
404 1910 571 1954 carcerem.
619 1887 700 1952 Item
723 1891 835 1972 postea
857 1889 889 1954 in
913 1893 1028 1974 quarta
1050 1890 1130 1956 teria
1153 1893 1209 1977 [29
1226 1890 1312 1979 Oct]
1331 1894 1420 1958 venit

266 1995 330 2059 alia
363 2017 443 2060 nava
473 1995 511 2059 de
540 1994 685 2079 partibus
709 1993 916 2058 Januensium
950 2016 1021 2060 cum
1045 1996 1192 2079 pluribus
1215 1995 1420 2078 Christianis,

265 2100 317 2165 cui
339 2099 488 2165 similiter
510 2105 733 2179 occurrerunt,
756 2102 910 2182 ceperunt
933 2105 965 2164 et
987 2100 1223 2183 spoliaverunt,
1253 2105 1286 2165 et
1309 2101 1421 2187 ligatis

210 2231 212 2236 ·
265 2205 305 2270 ad
321 2204 457 2270 invicem
472 2205 616 2270 cathenis
633 2205 670 2268 ad
688 2205 779 2284 colla,
801 2204 986 2300 inducentes
1002 2226 1074 2269 cum
1090 2204 1275 2270 contusione
1291 2229 1420 2290 magna,

266 2310 393 2374 nudatis
409 2310 606 2393 corporibus,
629 2313 661 2373 et
683 2309 741 2373 hos
764 2329 872 2373 omnes
888 2309 953 2372 vidi
969 2309 1178 2374 introducere.
1225 2309 1282 2375 Isti
1307 2333 1420 2376 omncs

265 2416 304 2479 ad
328 2415 393 2478 dies
418 2416 481 2479 vite
503 2413 678 2478 manebunt
699 2413 792 2498 ligati
816 2413 969 2494 cathenis,
993 2417 1024 2478 et
1046 2419 1140 2478 erunt
1162 2417 1245 2480 servi
1268 2420 1301 2480 et
1323 2415 1415 2482 labo-

265 2523 386 2583 ratores
409 2541 626 2604 paganorum‚
657 2522 690 2582 et
711 2523 935 2582 sustentantur
958 2519 1029 2585 cibo
1052 2524 1084 2584 et
1107 2526 1186 2604 potu
1209 2522 1291 2586 sicut
1314 2543 1420 2602 canes,

266 2624 326 2688 nisi
342 2625 498 2708 redempti
514 2623 636 2688 fuerint
652 2645 708 2706 per
723 2644 876 2708 magnum
891 2625 1033 2707 pretium
1056 2625 1094 2689 dc
1111 2624 1255 2708 partibus
1271 2626 1417 2692 eorum'.

265 2729 348 2794 Item
371 2731 403 2793 in
419 2729 500 2794 festo
516 2727 653 2794 Simonis
677 2733 708 2792 et
723 2727 805 2792 dade
829 2729 885 2810 [28
902 2727 984 2813 Oet]
1008 2731 1128 2814 incepit
1149 2736 1294 2815 egrotare
1318 2753 1417 2816 gene-

265 2856 354 2900 rosus
369 2835 513 2900 dominus
527 2833 690 2899 Johaunes
713 2855 816 2898 comes
839 2834 877 2898 de
893 2832 1004 2899 Solmli
1026 2835 1059 2899 in
1081 2838 1191 2900 ventre
1214 2858 1270 2920 par
1293 2836 1418 2903 fluxum

264 2940 405 3005 admixto
428 2941 599 3026 sangnine,
623 2944 654 3003 et
677 2940 710 3003 in
735 2940 846 3024 vigilia
869 2939 1020 3006 Omnium
1043 2940 1231 3006 Sanctorum
1256 2943 1310 3024 [31
1330 2940 1417 3030 Oct]

264 3045 348 3110 circa
371 3049 518 3131 quartam
541 3045 653 3110 horam
674 3045 763 3108 misit
786 3065 845 3128 pro
868 3065 926 3108 me.
973 3043 1052 3109 Cum
1075 3051 1183 3110 autem
1204 3047 1358 3112 venissem
1384 3055 1418 3112 et

264 3149 411 3214 vidissem
433 3173 522 3226 eum,
554 3149 716 3228 consului,
748 3155 784 3213 ut
807 3149 1013 3214 confiteretur
1034 3172 1091 3215 sua
1114 3157 1258 3235 peccata,
1291 3152 1419 3224 dicensi

267 3254 395 3339 >Spera
420 3257 503 3341 quod
527 3257 671 3321 dominus
694 3256 783 3320 dabit
804 3256 893 3320 vobis
917 3256 1052 3339 gratiam
1076 3257 1240 3336 sanitatis,
1265 3257 1340 3343 quia
1364 3258 1416 3323 in-

265 3361 399 3424 firmitas
421 3361 526 3426 anime
548 3361 653 3444 sepius
675 3365 723 3424 cst
738 3360 859 3424 occasio
882 3360 985 3424 morbi
1003 3362 1173 3443 corporis«.
1220 3361 1279 3438 Qui
1297 3363 1412 3428 volun·

264 3465 345 3529 taric
366 3466 526 3551 acquievit
565 3468 597 3529 et
631 3465 796 3530 humiliter
819 3465 935 3548 petivit
966 3469 998 3529 ct
1020 3485 1110 3530 suam
1132 3466 1231 3531 vitam
1253 3489 1312 3550 pro
1334 3471 1413 3533 tunc

827 3573 847 3610 a

334 3638 448 3693 lNach
466 3637 557 3692 Ghist.
575 3637 627 3692 200
653 3636 756 3691 befand
782 3637 840 3691 rich
867 3637 915 3692 der
934 3637 1033 3693 herken
1060 3637 1108 3692 der
1135 3638 1174 3694 hl.
1193 3637 1354 3694 Katharina
1381 3640 1412 3694 in

264 3725 354 3780 einem
372 3724 624 3788 seitenstresschen,
644 3723 761 3778 welches
780 3724 869 3780 linkar
895 3726 970 3780 hand
995 3725 1025 3780 in
1050 3725 1094 3782 die
1115 3743 1168 3782 ron
1185 3745 1206 3780 s.
1226 3727 1315 3782 Sabas
1335 3727 1409 3781 nach

263 3829 283 3866 s.
304 3812 412 3866 Marcus
429 3811 566 3866 lithrsnda
583 3809 679 3865 strada
703 3809 759 3863 und
779 3827 852 3864 awar
870 3812 1008 3883 ungefthr
1032 3811 1062 3864 in
1081 3811 1164 3868 deren
1184 3813 1266 3869 mitte
1285 3815 1415 3869 ainmttn·

263 3900 334 3955 date.
372 3899 474 3954 Rechts
493 3915 542 3954 ror
560 3897 623 3953 dem
642 3897 821 3968 getbngnisse
839 3900 959 3954 standan
983 3899 1028 3954 dia
1046 3900 1151 3955 stulen.
1258 3901 1344 3957 abia
1363 3903 1410 3958 be-

263 3990 375 4043 rnhmta
398 3987 482 4042 nadal
507 3989 556 4042 dar
575 3985 738 4056 Cleopatra.
758 3986 861 4041 welche
884 3988 956 4057 jctzt
979 3987 1009 4041 in
1029 3985 1186 4043 Now-Yorlr
1204 3989 1288 4045 steht.
1328 3990 1414 4046 Raad.

263 4076 351 4132 asaf.
425 4073 543 4130 ssEabri
560 4071 632 4128 weiss
652 4073 752 4128 hieron
772 4072 878 4137 nichts;
904 4075 973 4130 doch
993 4074 1131 4130 berichtat
1149 4092 1179 4130 er
1197 4075 1245 4137 Ill,
1266 4077 1325 4140 152,
1343 4077 1408 4130 dass

262 4165 308 4218 ein
335 4163 441 4218 christl.
468 4161 551 4219 schiff
565 4179 621 4216 von
647 4161 737 4216 einam
765 4161 927 4231 mtchtigen
954 4161 1236 4217 muhamedanischen
1255 4163 1408 4234 hauptling

264 4269 313 4305 aus
324 4251 438 4319 Lybien,
458 4250 507 4305 der
525 4249 577 4304 aui
586 4249 662 4306 siner
676 4249 822 4304 walllahrt
836 4250 906 4304 nach
920 4249 1021 4304 Meklra
1035 4249 1172 4319 begriffen
1186 4268 1251 4312 war.
1271 4251 1410 4322 gelrapert

263 4340 320 4392 und
340 4339 384 4396 die
405 4343 436 4395 13
455 4338 597 4404 Christen,
617 4339 719 4394 welche
737 4338 794 4393 sich
812 4339 864 4394 auf
880 4339 1039 4394 demselben
1060 4337 1215 4404 befanden,
1239 4337 1269 4392 in
1290 4339 1409 4394 Alexan·

263 4425 343 4481 drien
363 4427 494 4481 verkault
516 4428 625 4484 worden
643 4427 727 4482 scien.
