3054 4942
622 369 687 436 205

74 542 162 621 rinc,
187 563 250 627 que
282 541 327 607 ibi
351 541 429 608 lecit
446 535 509 627 ¹per
530 543 626 628 longa
649 549 795 629 tempora
817 550 1026 632 penitentiam
1042 549 1064 628 ¹,
1094 550 1230 614 secunda

75 649 125 712 est
138 648 242 712 sancti
259 647 416 732 prophete
439 647 571 729 Helicei,
596 652 693 715 tertia
710 658 759 716 eet
773 656 876 718 sancti
892 653 994 734 Helie,
1018 655 1051 719 in
1067 677 1130 740 qua
1145 659 1231 719 retro

75 753 179 818 altare
191 758 242 817 est
255 749 298 838 [p.
311 754 368 836 95]
379 754 540 838 spelunca,
554 755 586 818 iu
598 777 661 840 qua
670 756 776 836 latuit,
786 762 823 822 ut
833 780 929 844 supra
942 757 964 825 ¹.
989 761 1030 824 Et
1042 761 1075 826 iu
1088 761 1232 846 quelibet

78 857 204 940 capella
219 863 296 922 sunt
313 859 512 943 indulgentie
524 866 645 944 septem
663 883 819 928 annorum
836 869 869 928 et
885 870 1003 949 septem
1017 886 1230 930 cerrenarunr.

79 963 120 1026 Et
137 963 283 1028 exeundo
295 985 404 1027 versus
412 964 573 1028 sinistram
588 987 716 1030 manum
734 971 781 1031 est
797 989 944 1034 ascensus
956 971 1075 1036 montis
1087 969 1181 1046 Oreb,
1199 974 1231 1034 et

78 1068 290 1152 duratusque
313 1069 353 1132 ed
368 1068 563 1152 superiorem
580 1075 704 1152 partem
720 1073 848 1150 montis,
874 1077 905 1138 et
920 1075 1038 1140 ibidem
1054 1075 1231 1140 ostenditur

78 1173 158 1257 lapis
169 1174 315 1259 grandis,
330 1175 386 1259 qui
400 1173 516 1238 dicitur
525 1175 700 1239 occurrisse
713 1177 807 1241 beato
820 1177 932 1264 Helye‚
944 1181 1053 1244 volens
1066 1181 1231 1246 ascendere

79 1285 223 1343 montem
239 1277 347 1363 Synai‚
372 1285 404 1344 et
426 1280 472 1342 sic
488 1279 675 1344 miraculose
691 1281 874 1364 prohibitus
890 1284 953 1349 fuit
969 1291 1154 1351 occurrente
1169 1286 1231 1350 sibi

79 1383 196 1468 lapide,
220 1385 276 1468 qui
292 1385 386 1450 hodie
406 1389 471 1450 stat
487 1389 610 1451 erectus
627 1386 665 1450 ad
681 1409 810 1452 manum
828 1389 991 1454 sinistram
1006 1391 1096 1455 iuxta
1111 1392 1195 1455 viem
1207 1389 1230 1454 ³.

81 1488 120 1553 Et
144 1490 191 1554 ibi
215 1491 332 1574 incipit
359 1512 448 1556 mons
470 1491 568 1577 Synai
582 1491 605 1556 ⁴.
651 1490 785 1558 Domum
818 1495 936 1561 directe
965 1497 1145 1561 ascenditur
1174 1518 1232 1580 per

79 1599 221 1660 montem
238 1595 347 1680 Synai,
370 1595 403 1659 in
420 1597 508 1662 cuius
523 1598 642 1663 vertice
657 1603 704 1662 est
720 1599 844 1683 capella
860 1605 1042 1666 constructa
1062 1602 1095 1666 in
1112 1601 1232 1666 bonore

8 1751 11 1758 .
80 1698 265 1765 Salvatoris.
315 1700 356 1765 ldt
377 1701 411 1764 in
434 1701 543 1765 eedem
566 1701 689 1785 capella
712 1703 879 1782 estlocus‚
903 1705 936 1770 in
961 1729 1023 1791 qno
1047 1707 1232 1771 deusdedit

80 1803 182 1891 Moysi
207 1807 316 1870 decern
338 1811 489 1890 precepta
510 1807 615 1890 primo
649 1813 681 1872 et
704 1811 858 1890 secundo,
892 1817 925 1876 et
947 1811 1136 1897 loquebatur
1170 1811 1231 1874 sibi

79 1910 161 1976 sicut
183 1912 305 1976 anricus
328 1934 398 1977 cunr
421 1912 533 1976 arnico.
581 1911 617 1975 ln
641 1913 751 1980 eadem
774 1914 898 1998 capella
920 1921 968 1979 est
991 1915 1087 1994 locus,
1111 1915 1143 1977 in
1169 1936 1231 1998 quo

80 2015 206 2102 Moyses
221 2018 304 2081 vidit
320 2017 493 2095 dominum,
518 2020 550 2080 et
565 2017 756 2101 loquebatur
771 2019 842 2097 sibi,
864 2023 897 2083 et
912 2019 957 2083 ibi
974 2019 1058 2085 lacta
1073 2023 1121 2083 est
1136 2019 1232 2084 facies

80 2121 145 2186 eius
168 2127 306 2187 cornuta
338 2144 377 2186 ex
403 2123 563 2187 consortio
586 2121 705 2185 domini
722 2121 744 2186 ⁶.
792 2121 832 2186 Et
863 2127 939 2186 sunt
968 2124 1014 2188 ibi
1045 2125 1077 2188 in
1108 2123 1232 2206 capelle

83 2227 226 2310 plenarie
249 2225 460 2313 indulgentie.
506 2225 589 2290 Item
621 2227 654 2290 in
678 2227 766 2291 exitu
789 2228 910 2311 capelle
940 2230 979 2293 ad
1002 2251 1131 2294 manum
1152 2229 1231 2292 sini·

84 2336 164 2396 tram
189 2337 238 2396 est
262 2333 428 2396 descensus
450 2332 534 2396 forte
557 2353 610 2396 sex
633 2333 818 2417 graduum⁰
849 2333 888 2398 ad
918 2357 1015 2400 unam
1037 2335 1230 2419 speluncam.

82 2435 122 2500 Et
155 2437 189 2500 in
215 2438 321 2502 eadem
346 2437 470 2522 Moyses
499 2437 653 2502 ieiunavit
675 2438 717 2502 40
741 2439 850 2503 diebus
881 2443 913 2504 et
936 2441 978 2504 40
1001 2440 1162 2520 noctibus,
1195 2443 1231 2504 ut

81 2545 258 2606 mereretur
274 2543 415 2627 accipere
433 2549 582 2629 precepta
605 2567 624 2608 e
645 2544 719 2620 deo;
743 2549 775 2608 et
790 2545 834 2610 ibi
850 2551 925 2610 sunt
940 2547 1138 2631 indulgentie
1160 2567 1231 2629 sep-

81 2652 143 2712 tem
177 2670 335 2714 annorum
369 2652 401 2713 et
433 2654 554 2734 septem
588 2649 899 2735 quadragenarum⁷.
946 2649 1026 2715 Item
1060 2673 1098 2716 ex
1131 2650 1232 2715 alteru

79 2759 172 2838 parte
194 2754 317 2838 capelle
340 2757 387 2819 est
409 2777 473 2820 una
494 2759 587 2839 petre
601 2759 781 2836 concavata,
805 2762 837 2822 et
861 2757 905 2822 ibi
930 2757 1047 2840 petivit
1064 2755 1188 2840 Moyses
1210 2779 1229 2820 a

78 2861 146 2940 deo,
171 2865 209 2924 nt
224 2860 362 2943 seipsum
379 2860 441 2925 sibi
456 2861 645 2926 ostenderet.
692 2859 750 2925 Cui
767 2862 932 2946 respondit
948 2861 1106 2926 dominus:
1137 2859 1230 2925 »Non

80 2967 201 3032 ridebit
224 2987 276 3030 me
299 2965 393 3030 bomo
423 2969 455 3029 et
477 2965 580 3029 vivet«
599 2963 621 3030 ⁸.
666 2963 757 3030 Tunc
780 2965 904 3052 Moyses
928 2965 1093 3031 abscondit
1126 2986 1158 3029 se
1192 2965 1230 3028 ed

648 3073 667 3107 M

152 3141 164 3193 l
187 3127 264 3194 liber
283 3137 358 3193 dieue
371 3137 498 3194 riemlich
511 3137 692 3193 unbekannte
710 3137 821 3207 beffige,
834 3139 919 3194 deren
931 3139 1044 3209 kepelle
1059 3139 1132 3208 jetat
1151 3139 1230 3193 nicht

80 3228 158 3282 mehr
176 3225 300 3289 bestebt,
320 3225 458 3281 bericbtet
476 3225 559 3280 Fabri
577 3226 610 3290 ll,
630 3227 696 3282 456:
718 3225 831 3280 »multis
850 3226 931 3280 annis
944 3229 1108 3282 conversata
1126 3227 1183 3281 fuit
1200 3227 1231 3280 in

82 3313 252 3370 monaterio
271 3314 409 3376 virorum,
427 3313 586 3384 incognita,
614 3313 687 3383 qnod
707 3316 779 3368 esset
797 3314 906 3381 mulier,
933 3318 962 3370 et
980 3315 1185 3385 patientissima
1203 3331 1232 3370 se

81 3403 196 3468 hebuit,
221 3403 336 3472 quando
355 3403 389 3458 de
408 3402 654 3472 impraegnatione
672 3403 783 3472 puellae
802 3403 945 3457 cuiusdam
964 3402 1112 3472 inculpata
1129 3401 1184 3456 fuit
1203 3405 1232 3457 et

78 3509 130 3561 pro
146 3492 201 3546 hoc
219 3491 297 3546 fecto
314 3489 514 3560 rigidissimum
533 3489 737 3559 poenitentiam
756 3493 904 3559 tamquam
923 3507 1022 3544 nocens
1041 3489 1183 3552 sustinuit,
1201 3489 1232 3544 in

77 3597 134 3650 qua
162 3585 193 3635 et
220 3578 296 3634 diem
315 3582 470 3634 extremum
489 3577 592 3632 clausit
619 3582 649 3632 et
676 3580 740 3648 post
757 3577 893 3632 inauditis
911 3577 1055 3631 miraculis
1073 3577 1176 3632 claruit
1203 3578 1232 3632 et

77 3668 123 3723 hic
140 3667 169 3722 in
189 3667 244 3724 hoc
262 3667 437 3722 sanctissimo
456 3667 515 3722 loco
534 3667 638 3722 hebere
656 3667 795 3735 capellam
814 3666 941 3720 meruit«
970 3665 1032 3735 Vgl.
1051 3665 1097 3720 die
1114 3665 1232 3735 legende

78 3773 141 3812 rorn
162 3755 232 3810 abts
250 3753 348 3814 Nicon.
370 3755 420 3809 der
439 3754 501 3810 eine
518 3755 651 3810 tbnliehe
669 3757 790 3810 schwere
810 3753 882 3809 bussc
902 3753 1072 3822 unschuldig
1090 3752 1148 3807 und
1168 3751 1232 3806 lrei·

78 3844 169 3914 rrillig
195 3845 303 3914 ertrug.
341 3841 497 3898 ubuum
522 3843 561 3908 ΙΙ,
587 3843 639 3898 346
658 3843 677 3900 l'.
783 3845 800 3898 2
828 3843 911 3898 Fabri
936 3842 977 3906 ll,
996 3843 1047 3896 456
1074 3839 1232 3895 beschreibt

76 3931 153 3986 diere
170 3931 303 4001 lrepellen
322 3933 410 3984 etwas
429 3947 561 4000 gensuer.
599 3931 650 3986 Die
668 3931 769 3986 beiden
788 3931 919 4001 kapellen
939 3930 988 3984 des
1006 3928 1084 3983 Elias
1102 3928 1158 3982 und
1175 3923 1231 3979 Mli-

76 4036 158 4074 saeus
186 4017 251 4072 sind
270 4019 342 4074 noch
361 4019 531 4076 verbanden.
572 4021 654 4077 Boed.
674 4022 734 4076 526.
840 4017 968 4075 3l'abri
986 4035 1013 4072 u.
1033 4032 1058 4070 a
1078 4033 1101 4071 o.
1122 4013 1231 4070 ebenso.

74 4111 93 4162 4
113 4107 189 4160 Musa
208 4107 283 4161 nach
302 4105 356 4160 den
377 4105 504 4162 ludheren
525 4109 655 4178 angeben
673 4107 799 4164 offenbur
818 4107 891 4162 Oreb
910 4104 1021 4160 heillen.
1105 4103 1121 4155 5
1147 4097 1232 4152 Fabri

74 4193 111 4262 ll,
131 4197 184 4250 458
204 4195 224 4250 i.
243 4193 374 4250 erwabnt
392 4193 479 4249 neten
500 4195 589 4250 dieser
601 4196 713 4266 lrepelle
733 4195 803 4249 aucb
823 4195 894 4250 noch
913 4195 974 4248 cine
992 4191 1085 4246 lrleine
1098 4187 1230 4250 meschec,

73 4283 182 4340 welche
201 4281 284 4338 beidc
303 4279 465 4350 gleicblalle
483 4285 555 4340 noch
575 4285 713 4339 bestehen.
743 4282 825 4338 Baed.
840 4285 898 4338 527.
970 4277 1091 4336 dl'ebri
1110 4275 1143 4338 ΙΙ,
1163 4277 1230 4330 459ι

76 4370 149 4427 »XV
160 4387 288 4442 passus«.
361 4371 376 4422 ‘l
397 4369 471 4425 luch
487 4371 561 4428 diese
570 4373 654 4428 buhle
667 4372 738 4427 wird
751 4372 837 4427 beate
848 4371 919 4428 noch
931 4367 1050 4440 gereigt·
1117 4365 1134 4416 8
1147 4361 1231 4417 Fabri

74 4459 111 4524 ll,
132 4459 186 4514 457
206 4457 340 4514 erwabnt
352 4453 444 4511 diesen
462 4459 547 4516 leben
566 4461 610 4515 ale
622 4461 709 4516 etwas
721 4461 805 4515 unter
823 4458 887 4512 dem
900 4454 988 4527 glpfcl
1000 4450 1121 4520 liegend.
1156 4435 1231 4505 llbcr
