3054 4944
802 349 867 414 256

260 519 336 584 licet
358 520 446 604 prius
469 542 632 605 nunquam
655 521 701 586 fui
727 523 772 587 sic
794 523 907 587 debilis
931 545 1029 607 usque
1053 523 1090 586 ad
1115 523 1278 602 vomitum,
1303 529 1335 588 et
1357 545 1408 588 so·

260 625 326 689 cius
349 647 446 705 meus,
469 626 516 690 ita
541 626 624 710 quod
648 649 748 711 usque
771 627 804 691 in
828 628 960 692 tertium
983 628 1067 692 diem
1090 627 1172 692 nihil
1187 629 1331 712 gustavit
1355 650 1414 693 neo

259 735 370 813 potum
403 751 461 795 nec
493 732 608 797 eibum.
653 731 792 798 Tandem
828 733 974 798 dominus
1005 743 1158 816 patronus
1191 755 1264 798 curn
1298 734 1413 798 ceteris

259 837 489 902 mercatoribus
521 843 553 902 et
584 837 721 902 dominis
744 844 900 903 voverunt
922 839 1197 922 peregrinationes
1219 839 1413 922 generaliter

215 1003 217 1007 .
259 941 299 1005 ad
314 941 438 1006 diversa
453 943 522 1007 loca
537 948 655 1022 saneta,
679 946 712 1006 et
728 944 883 1022 dominus,
908 949 1012 1008 motus
1031 943 1256 1021 misericordia,
1271 945 1414 1008 ostendit

260 1047 351 1110 nobis
374 1049 511 1131 gratiam
534 1069 622 1112 suam
658 1049 901 1132 attemperavit
924 1054 1053 1112 ventum
1084 1054 1228 1114 etsexta
1251 1048 1333 1114 feria
1355 1071 1411 1113 an·

260 1153 349 1236 garis
371 1154 417 1236 (et
441 1154 473 1218 in
497 1153 567 1238 ipsa
589 1152 720 1218 fortuna
743 1159 839 1237 rupta
860 1160 935 1218 sunt
958 1153 1030 1218 aliis
1052 1154 1151 1237 galeis
1168 1153 1238 1218 vela
1255 1152 1280 1236 ¹)
1304 1154 1413 1218 nobis-

260 1279 322 1340 que
344 1279 495 1342 prospere
518 1261 653 1340 astabat,
677 1265 709 1324 et
731 1260 864 1324 fecimus
888 1262 920 1324 in
937 1261 1059 1324 duabus
1081 1260 1193 1324 diebus
1216 1265 1249 1324 et
1265 1259 1414 1323 noctibus

259 1363 394 1428 ducenta
416 1364 595 1430 miliarias
618 1365 868 1451 Modinousque
898 1368 937 1430 ad
961 1366 1122 1432 civitatem
1146 1362 1291 1448 Corphu,
1323 1364 1414 1427 iuxta

260 1490 356 1552 quam
371 1470 514 1534 venimus
541 1477 630 1534 sexta
646 1471 727 1535 ferio
743 1472 780 1535 de
796 1493 875 1536 sero.
915 1469 997 1536 Item
1014 1491 1104 1534 mane
1118 1471 1229 1534 sabato
1244 1469 1301 1553 [20
1320 1466 1411 1554 Deu]

259 1575 389 1659 angaris
413 1575 601 1640 intravimus
625 1577 799 1658 civitatem,
823 1581 856 1642 et
879 1583 1006 1660 peraeto
1029 1575 1133 1640 officio
1155 1573 1289 1639 fecimus
1312 1595 1411 1657 pren·

259 1679 345 1744 dium
368 1681 578 1746 meridianum
602 1682 636 1745 in
658 1683 725 1748 solo
748 1703 830 1765 pane
852 1686 884 1746 et
901 1681 975 1745 vino
999 1683 1030 1744 et
1053 1679 1181 1743 raffanis
1196 1677 1218 1757 ²,
1239 1685 1271 1744 et
1286 1699 1413 1744 eramus

258 1785 403 1850 contenti
424 1791 556 1870 propter
578 1787 741 1852 ieiunium.
789 1785 836 1851 De
867 1807 938 1850 sero
962 1785 1101 1849 eiusdem
1133 1783 1194 1847 diei
1218 1782 1412 1847 intravimus

258 1889 392 1972 galeam,
415 1895 579 1974 sperantes
602 1893 862 1977 navigationem,
895 1892 947 1955 sed
973 1889 1258 1954 intervenientibus
1281 1884 1413 1952 causis⁸

259 2017 320 2060 non
345 1997 575 2080 navigavimus.
621 1998 662 2063 ΙΙΙ
695 2001 766 2082 ipsa
801 1997 880 2062 feria
909 1995 1045 2062 secunda
1075 1993 1221 2078 sequenti
1244 1989 1299 2078 [22
1325 1989 1414 2074 Dea]
1466 2051 1469 2057 .

258 2100 437 2184 incepimus
461 2103 622 2187 navigare.
668 2102 710 2168 Et
742 2125 801 2189 ego
825 2103 895 2186 ipsa
928 2102 978 2166 die
1002 2100 1099 2164 incidi
1134 2099 1168 2162 in
1191 2097 1413 2161 infirmitatem

259 2207 397 2271 subitam
414 2208 468 2274 sol.
486 2208 615 2274 colicam
632 2211 823 2293 passionem,
848 2208 1063 2291 putabamque
1079 2227 1129 2268 me
1144 2202 1241 2276 mori;
1265 2221 1413 2264 surrexe-

259 2317 335 2375 runt
358 2313 486 2378 sudores
509 2313 721 2399 frigidissimi,
745 2320 777 2379 et
800 2313 886 2378 faeta
901 2313 1031 2377 fuerunt
1047 2309 1154 2376 omnia
1176 2307 1319 2374 membra
1343 2327 1416 2369 meo

258 2414 393 2498 frigida3
420 2417 502 2482 nihil
524 2417 603 2482 mihi
620 2419 787 2482 videbatur
811 2417 871 2482 nisi
887 2418 980 2496 mori,
1003 2415 1212 2499 dolebamque
1235 2412 1320 2476 ultra
1344 2431 1412 2474 mo·

259 2521 334 2584 duni
358 2523 395 2585 de
419 2522 562 2586 carentia
577 2523 748 2587 sacerdotis
772 2522 815 2606 [p.
834 2521 911 2604 118]
935 2522 1119 2606 plusquam
1142 2519 1179 2584 de
1196 2517 1316 2582 medico
1339 2535 1412 2580 cor-

259 2626 357 2708 poris,
381 2628 644 2712 committensque
667 2629 794 2694 domino
827 2635 937 2692 nostro
962 2627 1055 2690 lhesn
1079 2623 1207 2689 Christo
1242 2625 1275 2686 et
1297 2620 1411 2700 Maris,

260 2731 353 2794 matri
370 2732 592 2812 misericordie,
616 2755 652 2798 ac
677 2735 767 2798 beato
784 2731 950 2796 Francisco
972 2731 1118 2814 dixique:
1146 2726 1299 2792 »Domine
1314 2723 1412 2790 lbesu

259 2832 393 2916 Christe,
417 2839 472 2923 qui
500 2839 619 2904 latroni
643 2837 807 2904 confitenti
831 2839 891 2902 tibi
916 2839 948 2900 in
965 2837 1066 2901 erucis
1081 2833 1225 2919 patibulo
1247 2835 1280 2894 et
1302 2831 1337 2894 in
1360 2828 1411 2892 ul·

258 2939 337 3004 tima
361 2941 438 3008 bora
468 2946 593 3010 veniam
627 2969 689 3010 uon
714 2946 861 3031 negasti,
882 2945 935 3008 sed
960 2944 987 3006 ei
1011 2946 1140 3025 peccato
1161 2936 1411 3004 misericorditer

258 3046 416 3128 dimisisti,
440 3071 534 3132 parce
551 3053 630 3116 mibi
646 3075 735 3117 servo
757 3059 823 3132 tuo,
848 3049 979 3133 indulge
994 3047 1073 3112 mihi
1089 3047 1220 3129 peccata
1244 3063 1323 3119 mea,
1347 3061 1410 3125 que

258 3152 359 3230 eorde,
383 3176 437 3219 ore
460 3160 492 3220 et
515 3179 609 3240 opere
633 3161 793 3233 contraxi;
818 3157 878 3220 tibi
902 3155 987 3219 enim
1008 3150 1136 3237 peccavi
1159 3152 1191 3214 et
1212 3147 1332 3212 malurn
1356 3165 1409 3210 co·

259 3277 326 3320 ram
349 3263 380 3322 te
403 3259 473 3326 feci.
518 3261 567 3328 'lu
590 3265 703 3328 dedisti
727 3264 804 3327 mihi
829 3262 990 3346 spiritum,
1011 3257 1119 3341 accipe
1141 3277 1213 3320 eum
1238 3251 1412 3317 secundum

257 3363 346 3425 tuam
371 3363 583 3448 voluntatem,
608 3375 640 3433 et
664 3391 745 3452 pone
768 3391 841 3433 eum
861 3367 1034 3432 seeundum
1057 3383 1205 3447 magnam
1230 3355 1410 3422 misericor-

257 3465 342 3531 dium
365 3477 462 3549 tuam,
485 3480 517 3537 et
542 3475 620 3538 bene
643 3475 722 3538 mihi
746 3475 836 3538 erit«
886 3471 953 3538 Hec
985 3477 1017 3535 et
1045 3469 1109 3534 alie
1132 3466 1215 3550 apud
1247 3485 1297 3527 me
1320 3459 1408 3542 cogi-

258 3572 339 3656 tans,
363 3581 516 3662 dominus,
540 3582 755 3646 misericordia
772 3586 885 3656 motus,
902 3577 1041 3642 ostendit
1058 3574 1136 3638 mibi
1153 3571 1291 3657 gratiam
1307 3585 1411 3630 suam·
1467 3609 1472 3621 .

258 3687 341 3756 Nam
367 3690 495 3754 interim
519 3687 621 3752 socius
645 3708 732 3750 meus
748 3684 885 3748 Thomas
909 3679 1107 3764 comparavit
1129 3698 1229 3740 uuum
1246 3673 1411 3738 servitiale

256 3800 277 3862 i.
295 3820 320 3864 e.
340 3795 529 3874 cristerium,
552 3799 584 3857 et
599 3799 726 3874 sumpto
752 3791 814 3854 isto
839 3794 870 3852 et
887 3785 1079 3871 purgatione
1109 3781 1196 3846 faeta
1212 3783 1410 3844 recesserunt

259 3904 392 3982 dolores,
415 3907 447 3966 et
469 3899 501 3963 io
525 3899 647 3964 duabus
677 3897 763 3962 horis
785 3893 939 3960 convalui.
986 3890 1069 3956 Laus
1099 3890 1141 3954 sit
1171 3888 1247 3966 deo,
1281 3884 1336 3970 qui
1360 3903 1411 3948 me

329 4097 340 4148 l
361 4092 446 4148 Fabri
466 4091 512 4155 ΙΙΙ,
532 4092 599 4146 344:
628 4093 710 4146 »orta
727 4091 770 4143 est
788 4087 941 4156 tempestas
960 4083 1031 4138 adeo
1049 4097 1147 4141 saeva.
1174 4078 1245 4131 sicut
1264 4075 1311 4130 vix
1329 4074 1411 4130 susti-

257 4185 394 4238 nuimus«,
467 4179 572 4234 2Eine
590 4181 636 4233 art
657 4195 712 4232 von
729 4174 862 4243 rettigen.
934 4171 1046 4227 3Diese
1064 4166 1173 4238 grlinde
1191 4182 1301 4220 varen:
1333 4163 1412 4218 ldie

256 4270 423 4341 gereirtheit
441 4271 490 4325 der
508 4273 627 4340 patrone
644 4265 693 4320 der
707 4261 907 4318 handelsohille
919 4277 1010 4331 gagen
1028 4258 1082 4312 den
1102 4253 1345 4312 kommandanten
1364 4251 1412 4304 der

256 4357 462 4427 kriegssohille,
489 4357 568 4412 2die
590 4352 828 4422 notvvendigkcit,
848 4350 920 4405 viele
937 4363 1031 4402 waren
1050 4342 1216 4400 einsuladen
1235 4341 1292 4395 und
1326 4339 1411 4396 ssder

258 4445 380 4510 versnch,
400 4445 467 4500 evei
485 4443 626 4500 struende
645 4439 786 4496 keufleute
804 4457 838 4492 ru
859 4436 1022 4492 versdhneu.
1060 4431 1143 4488 Fabri
1162 4429 1211 4497 ΙΙΙ,
1230 4430 1290 4484 349.
