3062 4938
658 327 699 394 45

98 493 188 558 lebat
223 517 276 560 me
310 495 417 564 facere
446 499 478 563 in
509 499 631 579 aliena,
653 502 748 580 velis,
780 502 879 568 nolis!
925 502 967 568 Et
989 525 1059 569 ecce
1081 507 1154 590 quid
1180 508 1255 573 deus

98 599 250 683 permisit
272 622 370 686 snper
393 607 462 669 me!
497 603 578 670 Nam
604 606 733 688 quidam
749 609 900 692 apparuit
924 609 957 672 in
980 609 1094 676 habitu
1110 612 1255 692 seculari,

13 687 16 706 ’
96 705 241 787 pretiose
265 709 412 789 restitus,
435 709 543 774 rolens
566 711 722 790 confiteri,
746 717 888 778 attamen
911 719 988 780 ante
1003 715 1253 782 confessionem¹

97 811 312 878 manifestans
328 813 411 879 mihi
426 837 515 881 ruam
531 814 669 900 culpam,
686 817 810 884 dicans:
837 817 882 883 »0
900 823 992 903 pater
1014 822 1076 886 mi!
1100 821 1169 905 Ego
1184 844 1252 886 snm

98 917 258 984 maximus
279 926 438 1004 peccator.
484 919 636 987 Confiteri
659 921 732 987 volo
754 924 842 992 uobis
859 925 1064 1004 confidenter,
1087 949 1149 1012 que
1171 950 1252 992 nnn-

97 1043 194 1106 quam
211 1023 377 1090 confessus
400 1047 467 1092 snm
490 1026 619 1112 dempta
641 1049 705 1092 una
719 1027 787 1092 vioe
810 1034 843 1092 et
866 1034 943 1096 tunc
960 1052 1042 1095 eram
1068 1031 1101 1094 in
1118 1031 1255 1096 articulo

98 1129 230 1206 mortis:
255 1130 308 1194 sed
333 1151 485 1196 nonaum
508 1131 672 1214 profectus
694 1152 752 1198 uec
775 1133 950 1216 expeditus.
996 1134 1064 1220 Ego
1086 1157 1156 1200 snm
1179 1136 1253 1200 reli·

97 1235 209 1319 giosrrs
231 1234 393 1318 professus
425 1237 518 1300 unius
550 1237 669 1302 ordinis
692 1237 939 1304 mendicantium
974 1245 1007 1305 et
1029 1241 1189 1320 sacerdos,
1222 1247 1254 1306 et

97 1340 160 1404 iam
175 1347 256 1405 sunt
270 1341 390 1424 viginti
407 1347 544 1427 quatuor
560 1343 646 1422 anni,
671 1342 754 1428 quod
770 1342 972 1410 solemnisavi
995 1345 1027 1408 in
1045 1345 1107 1410 istc
1122 1345 1253 1412 civitate

97 1445 341 1510 matrimonium
364 1469 435 1512 cum
460 1447 592 1515 honesta
614 1468 679 1511 nna
694 1469 839 1530 persona,
859 1471 953 1534 quam
970 1451 1088 1531 seduxi,
1112 1456 1145 1516 et
1160 1450 1254 1516 bodie

96 1571 166 1614 eam
192 1553 338 1636 possideo
362 1576 399 1619 ea
420 1554 594 1630 nesciente,
617 1575 655 1618 ex
679 1575 743 1636 qna
766 1553 866 1618 babeo
890 1555 989 1619 filium
1015 1561 1047 1620 et
1070 1557 1187 1636 filiam,
1221 1563 1253 1622 et

98 1657 206 1720 iunior
229 1679 311 1740 puer
326 1657 422 1723 babet
446 1659 487 1722 12
508 1679 616 1722 annos.
663 1656 704 1722 Et
722 1659 814 1724 modo
836 1659 967 1724 intendo
985 1660 1124 1726 consiliis
1139 1664 1254 1727 vestris

98 1761 259 1836 inherere,
284 1767 317 1827 et
340 1783 418 1847 rogo
440 1768 574 1848 propter
595 1763 706 1828 deum:
734 1762 851 1828 durate
873 1786 939 1842 me,
963 1771 999 1830 ut
1020 1765 1143 1830 valeam
1167 1769 1253 1832 exire

97 1868 191 1932 illum
208 1869 510 1952 periculosissimum
527 1873 676 1935 statum«
725 1867 794 1952 Ego
811 1869 876 1933 dixi
898 1870 938 1933 ad
959 1891 1046 1935 eum:
1071 1869 1253 1946 »Quomodo

96 1974 232 2038 venistis
256 1974 295 2038 ad
318 1973 406 2038 illam
431 1975 631 2039 amentiam?
665 1972 769 2049 Quare
791 1974 914 2038 tamdiu
937 1974 1115 2041 stetistislr
1163 1978 1253 2042 Tunc

97 2080 183 2163 oepit
215 2077 297 2143 mibi
329 2079 488 2144 declarare
520 2083 624 2144 totum
657 2080 821 2164 negotium
846 2102 866 2144 a
895 2081 1054 2165 principio
1085 2101 1184 2166 nsque
1213 2083 1252 2146 erl

97 2183 203 2250 linem.
251 2183 373 2249 Audito
395 2184 536 2268 negotio,
560 2188 764 2250 consternata
787 2189 893 2250 mente
916 2207 1012 2269 super
1034 2189 1100 2250 tam
1118 2187 1251 2252 scelera·

98 2296 163 2354 tam
179 2289 281 2354 vitam
304 2288 386 2354 dixi:
412 2287 560 2356 »Confido
583 2289 646 2354 fili!
669 2290 879 2354 remittuntur
902 2291 962 2355 tibi
981 2297 1111 2374 peccata
1135 2295 1201 2370 tna,
1224 2294 1251 2358 si

98 2395 211 2460 saltem
235 2395 284 2460 ris
306 2394 396 2479 sequi
420 2395 603 2475 consilium,
635 2395 718 2479 quod
755 2395 815 2459 tibi
843 2417 863 2458 a
894 2395 1023 2460 domino
1045 2396 1103 2460 deo
1126 2397 1250 2462 miseri·

99 2501 285 2568 cordissimo
309 2521 367 2583 per
389 2523 438 2564 me
461 2501 594 2566 dicetur.
640 2500 709 2582 llgo
730 2499 803 2564 volo
826 2499 918 2564 deum
939 2499 1129 2584 suppliciter
1151 2524 1251 2583 orare,

99 2609 298 2672 utostendet
322 2606 400 2672 mibi
423 2607 508 2672 viam
525 2605 727 2671 liberationis
750 2611 815 2670 tue.
862 2604 904 2668 Et
927 2610 963 2670 tu
978 2607 1148 2689 promittas
1171 2608 1250 2674 mihi

99 2715 240 2778 revenire
272 2713 311 2776 ad
344 2733 394 2776 me
423 2712 500 2776 bora
531 2711 635 2776 tibia
665 2731 715 2775 me
749 2709 931 2792 deputata«
978 2710 1020 2774 ldt
1049 2719 1121 2794 post
1148 2714 1251 2778 multa

99 2821 192 2884 verba
207 2818 293 2884 dixi:
320 2815 454 2882 »Venite
470 2818 589 2902 absque
605 2839 695 2882 mora
717 2817 750 2880 in
772 2814 931 2880 dominica
947 2813 1069 2890 Exaudi
1094 2817 1149 2898 [19
1167 2816 1247 2900 Mai]

101 2923 144 3006 [p.
161 2921 216 3006 24]
241 2927 275 2986 et
290 2921 525 2998 infallibiliter:
550 2927 627 2987 tnnc
642 2921 724 2986 dabo
739 2920 973 2986 conclusionem
993 2919 1132 3001 finalem,
1155 2944 1250 3006 qnam

99 3049 205 3094 secure
224 3029 315 3114 sequi
338 3028 481 3111 potestis,
505 3033 537 3093 et
560 3049 663 3112 spero,
685 3027 761 3092 dous
784 3025 912 3090 adiuret
933 3046 1018 3090 voa«
1055 3025 1250 3110 Respondit:

105 3131 275 3200 »Libenter
296 3133 452 3198 veniam«.
498 3131 632 3198 Interim
661 3137 840 3216 prostratus
862 3132 955 3197 corde
988 3137 1020 3198 et
1042 3155 1174 3217 corpore
1196 3153 1247 3198 co·

102 3259 164 3304 ram
180 3239 364 3304 dulcissimo
381 3235 474 3303 lh'esu
498 3259 593 3304 orans
608 3239 720 3304 devoto
743 3243 776 3303 et
798 3239 832 3302 in
854 3237 958 3302 missis
974 3244 1129 3322 quantum
1146 3241 1248 3323 potui,

101 3349 136 3408 nt
156 3345 184 3408 ei
208 3365 297 3410 suam
321 3344 460 3426 gratiam
482 3345 619 3430 largiter
641 3344 839 3420 infunderet,
864 3343 1030 3408 cecitatem
1054 3344 1169 3408 mentis
1193 3365 1248 3410 sue

104 3448 298 3514 illuminaret
321 3471 357 3514 ac
378 3450 438 3513 sibi
462 3449 523 3534 ipsi
546 3472 636 3514 suum
654 3449 955 3534 periculosissimum
972 3453 1091 3514 statum
1106 3450 1246 3534 perfecte

105 3573 289 3638 cognoscere
312 3555 411 3635 daret,
434 3559 530 3640 atque
553 3555 713 3622 dicebam:
740 3553 894 3619 »Domine
917 3553 1010 3618 lbesu
1032 3552 1175 3621 Christe!
1199 3578 1248 3620 re·

106 3661 228 3724 cordare
263 3659 388 3724 infinite
413 3661 625 3726 misericordie
648 3665 720 3740 tue,
757 3664 789 3724 et
812 3659 895 3746 quod
929 3659 989 3724 tibi
1012 3661 1177 3746 proprium
1202 3668 1249 3727 est

28 3775 32 3782 '
105 3764 240 3829 misereri
263 3770 296 3828 et
318 3785 444 3849 semper
466 3787 594 3856 parcere
609 3767 779 3851 peccatori,
801 3769 834 3830 et
856 3765 979 3830 dixisti:
1003 3763 1088 3832 Nolo
1111 3773 1246 3832 mortem

106 3869 274 3949 peccatoris
296 3870 351 3936 sed
375 3871 492 3956 magis,
515 3877 552 3936 ut
575 3875 778 3936 eonvertatur
809 3876 842 3936 et
863 3871 961 3936 vivat.
1006 3870 1089 3936 Nam
1114 3871 1246 3936 Petrum

106 3977 135 4036 te
149 3980 315 4060 negantem
332 3975 576 4042 misericorditer
591 3977 768 4061 inspexisti,
792 3975 927 4040 Paulum
951 3979 984 4040 te
999 3981 1243 4060 persequentem

108 4098 248 4162 generosa
272 4083 451 4165 prostrasti,
475 4081 606 4165 Zaoheo,
627 4083 765 4168 principi
790 4081 1045 4166 publicanorum,
1068 4101 1190 4145 necnon
1215 4085 1247 4144 et

109 4183 209 4250 multis
225 4185 390 4250 sceleratis
406 4189 572 4274 utriusque
595 4210 687 4254 sexus
708 4189 845 4274 gratiam
872 4192 904 4254 et
919 4187 1055 4251 salutem
1072 4183 1246 4249 contulisti.
1293 4245 1295 4249 ,

662 4325 681 4360 st

172 4415 183 4468 1
204 4411 282 4468 duob
300 4411 360 4469 hier
379 4411 416 4468 ist
434 4412 486 4468 das
505 4416 589 4470 »ante
606 4413 825 4472 confessionem«
846 4412 919 4469 wohl
939 4429 973 4466 zu
991 4409 1136 4465 beachten.
