3054 4942
665 319 728 387 193

14 479 15 552 l
122 493 265 560 Fuerunt
287 494 344 560 illo
366 498 509 579 tempore
534 497 566 560 in
592 496 713 562 Gazara
735 497 881 562 nonnulli
905 497 961 562 alii
989 498 1156 564 mauululri
1181 499 1271 566 valde

121 601 214 664 multi
239 601 278 664 de
294 601 391 666 variis
414 603 508 666 terris
523 603 644 682 mundi,
668 605 723 688 qui
740 625 848 668 omnes
866 604 1107 689 abnegaverunt
1123 605 1272 670 christia·

121 729 193 772 nam
215 707 311 772 fidem
334 712 366 772 et
389 707 465 772 iacti
488 714 564 772 sunt
593 707 758 773 Sarraeeni
782 715 814 772 et
829 709 882 772 vix
906 714 971 772 tres
989 708 1187 774 Theutoniei.
1234 710 1276 774 Et

121 812 173 876 isti
197 812 349 895 abnegati
373 815 449 878 sunt
471 835 605 898 peyeres
628 819 660 878 et
682 814 875 878 crudeliores
898 837 993 899 quam
1018 815 1073 880 alii
1096 813 1272 882 sarraceni.

120 914 203 981 ltem
228 917 260 981 in
295 919 404 982 eadem
437 919 568 982 civitate
595 917 692 984 hahet
719 920 868 984 soldanus
894 941 1051 985 musaeum
1080 907 1292 986 solemnissi-⁴

119 1044 204 1087 marn
220 1028 253 1087 et
270 1023 544 1106 pretiosissimam,
561 1025 706 1108 adquam
719 1024 826 1089 nullus
837 1023 1039 1090 Christianus
1054 1025 1236 1090 admittitur
1252 1026 1273 1091 ¹.

207 1126 247 1192 In
278 1129 348 1212 ipsa
379 1128 430 1192 die
452 1126 643 1194 Nativitatis
665 1129 802 1214 gloriose
825 1130 961 1214 virginis
986 1130 1085 1196 lrlarie
1109 1129 1146 1216 [8
1170 1129 1272 1215 Sept]

120 1233 204 1296 eirea
225 1254 375 1316 resperas
399 1234 594 1298 aseendimus
617 1235 739 1313 asinos,
773 1241 805 1299 et
837 1235 978 1300 oneratis
1003 1235 1132 1300 camelis
1156 1237 1273 1320 viginti

119 1338 223 1402 tribus
246 1337 400 1402 exivimus
424 1339 587 1404 civitatem
624 1344 656 1404 et
679 1340 905 1405 declinavimus
937 1340 976 1404 ad
1005 1361 1153 1424 eampum
1183 1341 1273 1406 iuxta

118 1462 207 1525 sepes
230 1443 391 1520 civitatis,
421 1447 453 1507 et
476 1444 592 1508 ibidem
617 1446 764 1509 stetimus
786 1468 843 1530 per
867 1451 995 1510 noctem
1009 1443 1032 1511 ¹.
1077 1445 1116 1511 ln
1148 1447 1199 1511 die
1222 1468 1271 1511 se-

119 1547 241 1632 quenti,
265 1548 321 1614 sel.
347 1547 460 1611 llartis
484 1549 518 1632 [9
542 1547 645 1633 Sept]
670 1573 762 1616 mane
791 1552 826 1615 in
850 1573 965 1616 aurora
988 1555 1196 1616 surrexerunt
1217 1573 1271 1616 su-

119 1653 187 1717 bito
202 1673 323 1732 omnes,
347 1651 403 1716 sel.
420 1653 591 1738 peregrini,
610 1653 718 1734 Arabi,
736 1655 881 1739 magistri
898 1656 1103 1737 camelorum,
1126 1657 1270 1722 mucroni

118 1759 291 1838 asinorum,
304 1761 337 1822 et
348 1758 482 1822 suborta
498 1761 547 1823 est
559 1781 676 1843 magua
687 1760 857 1825 tribulatio
873 1761 958 1826 inter
970 1762 1066 1844 ipsos,
1083 1762 1271 1845 insipientes

119 1863 264 1949 deripere
280 1865 483 1949 peregrinos3
507 1886 581 1928 uam
604 1864 679 1929 lieet
700 1866 918 1950 uuusquisque
934 1868 1121 1951 peregrinus
1137 1868 1271 1931 debehat

119 1969 236 2034 habere
253 1971 410 2034 camelum
426 1991 485 2052 pro
501 1971 594 2034 rebus
617 1974 650 2034 et
664 1971 856 2036 victualibus
871 1972 945 2050 suis,
969 1973 1030 2056 ipsi
1046 1975 1153 2037 tamen
1168 1972 1267 2037 male-

118 2075 194 2140 dieti
211 2073 315 2140 Arabi
339 2096 388 2139 res
410 2096 483 2138 suas
499 2075 603 2158 primo
619 2075 838 2158 imposuerunt
865 2077 993 2141 camelis
1018 2083 1050 2142 et
1072 2081 1183 2162 postea
1206 2077 1269 2141 dis·

119 2183 287 2263 penserunt
310 2201 360 2244 res
383 2181 626 2264 peregrinorum
650 2203 707 2264 per
723 2181 861 2246 diversas
886 2183 1001 2246 bestias
1024 2191 1055 2246 et
1077 2205 1140 2247 non
1164 2204 1270 2248 serva-

120 2287 197 2351 bant
211 2291 342 2370 pactum
357 2307 448 2351 suum
471 2287 537 2351 sive
560 2287 759 2369 promissum.
808 2287 849 2351 Et
864 2287 991 2352 duravit
1014 2288 1088 2352 talis
1103 2287 1270 2352 tribulatio

117 2393 197 2458 bene
219 2413 278 2476 per
301 2397 439 2477 quatuor
462 2391 566 2472 horas,
589 2397 760 2477 antequam
784 2397 957 2476 potuerunt
981 2393 1164 2458 eouaordsri
1180 2390 1212 2470 8;
1237 2398 1270 2456 et

116 2499 246 2562 taudem
271 2497 399 2563 eumelis
434 2497 574 2562 oneratis
597 2497 791 2581 arripuimus
826 2499 888 2562 iter
922 2499 954 2562 iu
989 2499 1118 2564 nomine
1151 2497 1269 2562 domiui

117 2601 211 2667 lhesu
236 2601 356 2666 Christi
381 2608 412 2671 et
435 2601 473 2666 ad
496 2603 650 2666 honorem
676 2604 766 2666 beate
784 2601 959 2667 Katheriue
976 2603 1121 2690 virginis.
1169 2603 1210 2667 hlt
1233 2603 1267 2666 in

120 2709 226 2773 eadem
248 2709 299 2774 die
321 2709 453 2774 lecimus
475 2709 577 2774 solum
600 2709 662 2772 iter
686 2709 727 2772 12
749 2708 923 2774 miliarium
946 2709 1137 2788 italicorum,
1162 2714 1194 2773 et
1216 2729 1268 2772 ea·

116 2815 296 2879 strametati
319 2835 426 2878 sumus
449 2813 533 2878 inira
549 2813 660 2880 villam
676 2811 833 2878 Lebhan‘
856 2820 888 2879 et
904 2815 1036 2894 fontem,
1058 2817 1148 2879 iuxta
1172 2836 1267 2899 quem

116 2921 206 3006 virgo
230 2919 335 2984 Maria
366 2941 437 2984 eum
471 2921 537 2985 filio
570 2941 626 2984 suo
649 2918 744 2984 lhesu
778 2923 811 2984 et
832 2919 953 3004 Joseph
987 2942 1102 3004 sponso
1135 2919 1268 3005 quierit,

185 3096 198 3148 l
220 3094 302 3148 Diese
320 3091 445 3150 mosehee
463 3093 591 3148 eruthnt
612 3035 703 3148 Fabri
716 3092 809 3157 nieht;
838 3093 913 3146 deun
931 3093 976 3148 die
995 3092 1030 3155 ll,
1049 3093 1102 3148 366
1120 3091 1266 3146 eruthnte

116 3181 190 3238 kann
210 3181 265 3236 mit
283 3180 332 3236 der
345 3181 406 3234 hier
418 3185 582 3250 genannteu
596 3181 674 3237 nieht
686 3182 825 3238 identiseh
837 3182 906 3238 sein.
943 3167 1019 3236 llber
1039 3181 1085 3237 die
1097 3181 1177 3235 stadt
1189 3181 1266 3236 Gara

115 3270 170 3324 und
198 3269 262 3324 ihre
288 3268 446 3338 geschichte
466 3269 523 3338 rgl.
543 3269 630 3338 Sepp,
658 3269 715 3325 der.
734 3269 775 3334 ΙΙ,
795 3270 846 3325 617
864 3269 893 3324 ff.
931 3268 1147 3332 Eb.-auth011‚
1169 3268 1219 3324 183
1237 3267 1265 3324 ff.

115 3359 130 3412 2
149 3357 227 3412 Naeh
248 3355 332 3410 Fabri
345 3355 378 3419 ll.
390 3356 443 3410 405
462 3353 603 3410 verliellen
624 3355 664 3410 sie
682 3355 727 3410 die
746 3355 826 3411 stadt
844 3358 902 3410 eret
920 3373 966 3409 am
988 3355 1092 3426 esepe.
1124 3356 1186 3412 Vou
1204 3356 1266 3412 hier

114 3444 156 3499 bis
174 3461 224 3498 zur
243 3443 367 3498 ankuuft
386 3443 430 3498 bei
449 3443 512 3498 dem
531 3459 612 3512 paese
631 3435 804 3511 ltaehhaymv
817 3441 954 3498 differiert
970 3441 1100 3498 Walther
1119 3461 1166 3498 um
1185 3445 1266 3500 einen

113 3535 162 3600 teg
182 3549 237 3587 von
258 3529 354 3593 suba,
384 3547 437 3586 von
461 3530 526 3587 dart
544 3548 581 3586 sn
600 3532 644 3598 (19
664 3527 752 3602 Sept.)
771 3531 904 3586 stimmen
932 3530 993 3584 ihre
1014 3530 1145 3600 angeben
1163 3530 1264 3585 wieder

114 3635 281 3676 zusammen.
319 3617 417 3672 Febris
446 3619 595 3688 sngaben,
623 3618 676 3674 mit
703 3619 794 3674 denen
813 3618 1003 3674 Breidenbaeh
1032 3617 1264 3682 iibereinstimmt,

115 3707 224 3762 werden
244 3705 316 3761 wohl
345 3705 390 3761 die
408 3705 578 3776 riehtigeren
602 3708 674 3770 sein,
706 3707 827 3763 obsehon
847 3705 905 3762 sieh
924 3723 957 3760 zu
977 3709 1100 3774 gunsten
1119 3705 1264 3760 Walthers

115 3795 254 3850 anluhren
274 3793 352 3858 ltsst
371 3793 435 3848 dass
454 3794 526 3848 auch
539 3793 648 3847 'ludher
661 3811 716 3848 ron
732 3790 808 3848 Gaas
823 3792 897 3848 naeh
916 3793 979 3848 dem
994 3792 1263 3848 Katharinalrloster

115 3883 192 3938 nieht
211 3880 265 3936 wie
284 3879 368 3934 Fabri
390 3885 430 3950 14.
449 3881 568 3938 sondern
588 3880 639 3935 wie
654 3881 783 3934 Walther
804 3881 1057 3949 relegeremus,
1076 3898 1133 3934 was
1152 3879 1196 3932 bei
1214 3879 1263 3934 der

115 3967 396 4026 ruderordeutliehen
413 3967 665 4038 gleichmalliglreit
692 3967 741 4022 der
775 3968 898 4023 marecha
925 3968 1012 4024 dureh
1036 3969 1082 4024 die
1100 3969 1188 4020 ubete
1209 3983 1262 4022 von

112 4057 225 4127 gradem
247 4055 368 4124 belange
386 4056 433 4110 ist.
468 4043 607 4126 llbrigens
633 4057 685 4111 hat
712 4055 786 4110 diere
806 4056 898 4112 lrleine
916 4056 1100 4123 abueichuug
1117 4053 1199 4107 keine
1217 4052 1261 4108 be·

112 4145 246 4214 deutung.
326 4145 343 4196 3
361 4142 445 4198 Fabri
467 4143 498 4207 11.
520 4145 572 4198 408
590 4143 729 4198 beriahtet
747 4143 840 4199 diesen
860 4145 942 4200 streit
959 4146 1030 4200 noch
1049 4139 1261 4196 ausfbhrlieher.

115 4233 228 4288 lhurh
248 4229 333 4286 Fabri
354 4231 387 4295 ll,
405 4233 456 4286 410
475 4233 563 4286 neunt
590 4231 642 4286 deu
663 4235 708 4286 ort
735 4231 784 4286 des
810 4233 991 4302 nachtlagers
1010 4230 1125 4286 Lebhan
1144 4227 1201 4280 uud
1220 4245 1261 4283 er·

116 4321 213 4376 uthnt
231 4317 393 4389 gleiehlalls
411 4317 464 4374 den
482 4323 583 4389 puteus
600 4337 622 4374 s.
634 4319 740 4376 Mariae
761 4319 843 4377 sewie
864 4321 908 4376 die
927 4339 981 4376 ron
994 4319 1124 4374 Walther
1136 4315 1260 4371 eruthlte

111 4407 237 4480 legende.

175 4510 341 4558 menendum.
1061 4495 1100 4562 13
