3054 4942
778 341 841 410 lau

233 517 382 585 timentes
414 541 466 584 eos
506 516 593 582 ultra
627 518 849 584 diclinavimus
883 519 921 583 ad
951 541 1046 584 unam
1071 519 1186 584 vallem
1218 541 1381 584 arenosam

233 631 266 691 et
288 626 333 690 ibi
356 625 512 690 stetimus.
559 623 597 688 In
620 625 671 690 die
692 623 782 688 doris
812 623 849 688 de
872 645 964 688 mane
988 623 1044 709 [ll
1071 623 1192 709 Sept.],
1224 627 1279 690 sol.
1303 626 1385 690 feria

233 731 348 816 quinta
370 735 443 814 post
465 729 582 794 festum
607 727 798 794 Nativitatis
821 728 940 808 Maria,
963 730 1157 794 surreximus
1179 733 1254 795 ante
1276 737 1383 795 ortum

232 835 373 914 luciferi,
409 839 443 899 et
473 834 590 898 iterum
621 835 761 898 oneratis
791 833 919 898 camelis
941 833 1131 915 perfecimus
1154 835 1284 919 longum
1309 836 1383 916 iter,

232 963 344 1006 verum
367 945 489 1004 certum
510 961 676 1004 nnmerum
693 939 868 1004 miliarium
891 939 1007 1004 basbere
1031 961 1093 1004 non
1117 941 1217 1024 potui.
1263 941 1306 1004 Et
1328 963 1386 1024 per

232 1047 319 1112 hunc
340 1049 445 1112 totum
467 1050 499 1110 et
513 1045 653 1110 medium
669 1045 862 1128 preteritum
884 1047 916 1108 et
935 1044 1074 1108 medium
1092 1051 1276 1130 sequentem
1300 1047 1385 1112 diem

233 1152 446 1218 laboravimus
469 1150 502 1214 in
525 1149 684 1233 profunda
707 1171 803 1214 arena
827 1149 892 1212 sive
914 1148 1046 1227 zabulo,
1077 1171 1134 1214 nec
1164 1151 1233 1234 ipsa
1256 1151 1308 1216 die
1331 1173 1385 1216 oc-

234 1258 335 1322 currit
357 1257 451 1321 bomo
476 1276 534 1320 nec
557 1254 659 1318 bestia
680 1275 740 1318 nec
762 1274 843 1333 aues,
867 1273 969 1336 neque
992 1253 1037 1317 ibi
1060 1259 1107 1318 est
1127 1256 1223 1320 arbor
1245 1279 1302 1322 nec
1318 1257 1384 1322 vir-

234 1362 361 1446 gultum
384 1383 442 1426 nec
464 1359 572 1444 aliqua
595 1359 685 1442 ligna
709 1380 767 1423 nec
793 1359 920 1442 aliquod
948 1359 1086 1428 viridum
1121 1361 1257 1446 demptis
1281 1363 1384 1427 maxi-

234 1469 294 1534 mis
309 1467 518 1551 serpentibus,
541 1465 578 1532 de
602 1465 718 1549 quibus
733 1465 870 1530 vidimus
885 1465 980 1528 etiarn
1005 1487 1102 1530 unum
1126 1466 1159 1531 in
1181 1467 1385 1552 longitudine

236 1594 347 1638 novam
370 1572 497 1656 pedum.
544 1569 585 1635 Et
608 1569 785 1635 audivimus
820 1593 838 1634 a
872 1570 932 1634 lide
954 1571 1060 1655 dignis
1081 1573 1159 1636 viris
1182 1571 1384 1654 Christianis,

235 1679 289 1763 qui
313 1678 441 1742 iverunt
455 1677 631 1754 nobiscum,
655 1677 737 1760 quod
763 1678 867 1740 essent
889 1675 923 1740 in
946 1675 1004 1741 illo
1019 1676 1142 1742 deserto
1164 1683 1326 1762 serpentes
1350 1681 1382 1744 in

235 1783 436 1868 longitudine
469 1781 608 1865 cuspidis
637 1771 789 1865 armigeri
822 1785 854 1846 et
888 1781 921 1845 in
945 1782 1166 1866 magnitudine
1200 1785 1300 1848 cruris
1322 1785 1384 1849 viri

235 1888 345 1973 magni
361 1885 380 1953 ¹.
413 1885 463 1951 Ibi
480 1891 633 1970 ceperunt
647 1907 740 1951 crura
757 1909 828 1952 mea
844 1887 927 1950 infra
943 1907 1047 1970 genua
1057 1887 1248 1953 mirabiliter
1265 1895 1381 1954 tumes-

236 2015 315 2072 cere,
340 1992 481 2056 etomni
505 1991 679 2056 discrevit
703 1995 824 2072 tumor,
857 1997 889 2056 et
923 2013 985 2057 non
1019 1993 1115 2057 habui
1138 1994 1292 2058 medicum
1327 2015 1385 2059 nec

236 2098 462 2165 consolantem.
506 2096 616 2164 Socius
639 2103 744 2161 tamen
767 2119 856 2162 meus
871 2098 992 2176 statim,
1015 2099 1142 2183 quando
1158 2099 1383 2164 descendebam

237 2205 275 2270 de
298 2204 397 2282 asino,
421 2201 498 2268 fecit
521 2202 599 2266 mihi
623 2203 768 2268 umbram
791 2225 862 2268 cum
879 2203 1039 2268 mantellis
1063 2205 1189 2282 nostris,
1213 2209 1245 2269 et
1267 2205 1386 2290 absque

237 2309 332 2374 dubio
356 2308 450 2374 timui
473 2307 589 2392 perire,
613 2307 688 2392 quia
711 2308 898 2393 inceperunt
920 2308 1019 2374 fluore
1042 2314 1073 2374 et
1097 2329 1212 2394 magna
1228 2309 1389 2376 foramina

237 2413 324 2489 lieri3
350 2413 477 2476 tandem
502 2413 659 2498 resignavi
682 2414 740 2478 deo
763 2419 795 2479 et
818 2415 910 2480 beate
931 2413 1108 2480 Katharine
1131 2417 1274 2501 dixique:
1300 2416 1386 2481 »Do-

237 2519 323 2583 mine
345 2517 440 2582 Ihssu
463 2517 608 2599 Christe,
632 2525 668 2584 tu
690 2520 774 2584 nosti
799 2521 955 2604 quomodo
985 2525 1017 2584 et
1041 2542 1101 2604 qua
1124 2520 1302 2586 intentione
1325 2521 1388 2588 huc

238 2623 328 2702 veni,
352 2628 467 2687 cuncta
490 2623 523 2688 in
547 2629 603 2688 tua
625 2631 785 2710 potestate
807 2626 912 2710 posita
934 2630 1018 2690 sunt.
1064 2625 1097 2690 Si
1122 2627 1186 2706 vis,
1209 2633 1246 2692 ut
1269 2629 1389 2692 moriar

236 2730 270 2793 in
286 2730 410 2793 deserto
426 2750 498 2794 cum
522 2729 596 2794 filiis
613 2729 721 2810 Israel,
746 2730 796 2795 fac
812 2754 934 2798 mecum
950 2731 1120 2796 secundum
1136 2732 1388 2800 misericordiam

237 2840 337 2914 tuanr,
359 2834 441 2900 sicut
464 2833 569 2900 fecisti
593 2856 664 2900 cum
687 2859 786 2918 servo,
809 2842 865 2902 tuo
888 2837 1008 2922 Moysi,
1041 2841 1073 2902 et
1107 2838 1147 2902 da
1178 2838 1257 2904 mibi
1280 2861 1385 2904 veram

237 2939 461 3005 contritionem
492 2944 524 3003 et
546 2961 660 3024 puram
683 2941 920 3020 confessionem,
955 2947 987 3006 et
1020 2947 1056 3006 tu
1091 2944 1330 3026 compassione
1354 2951 1387 3010 et

236 3049 339 3110 morte
362 3050 419 3108 tua
442 3065 500 3128 pro
524 3045 662 3128 peccatis
685 3047 765 3109 meis
794 3046 877 3129 apud
900 3051 1025 3130 patrem
1057 3049 1146 3110 tuum
1171 3047 1268 3112 facito
1291 3051 1383 3113 satis·

237 3151 419 3216 factionem.
463 3149 496 3214 Si
520 3172 594 3215 vero
618 3150 665 3214 vis
693 3173 743 3215 me
765 3173 904 3234 purgare
934 3155 966 3215 et
988 3151 1123 3235 probare
1152 3175 1210 3236 per
1233 3154 1314 3219 banc
1339 3155 1386 3220 in-

237 3256 439 3334 firmitatem,
474 3255 514 3320 da
544 3255 623 3320 mihi
646 3256 784 3340 gratiam
807 3257 968 3342 patienter
991 3257 1105 3324 ferra«
1153 3258 1194 3322 Et
1216 3261 1310 3326 dictis
1341 3263 1387 3326 sic

238 3362 399 3446 aliquibus
424 3361 518 3426 Pater
540 3365 649 3426 noster
672 3367 704 3426 et
727 3363 799 3428 aliis
823 3363 969 3446 precibus
1012 3363 1118 3428 subito
1153 3364 1264 3430 incidit
1286 3367 1386 3432 menti

239 3489 318 3544 mee,
341 3487 377 3530 ac
399 3467 426 3530 si
450 3467 521 3551 quis
546 3467 662 3532 diceret
688 3467 783 3531 mihi:
810 3468 948 3550 »Accipe
970 3467 1028 3546 sal,
1052 3473 1084 3532 et
1106 3490 1188 3552 pone
1211 3470 1384 3556 inaquam,

238 3578 271 3637 et
293 3573 435 3657 intinges
458 3573 681 3656 panniculum,
705 3577 738 3638 et
760 3573 938 3638 madefacto
961 3595 1060 3656 ponas
1084 3596 1181 3658 supra
1204 3597 1297 3640 ortua
1321 3581 1385 3654 tua,

240 3681 271 3741 et
286 3677 477 3741 sanaberis«
526 3677 566 3742 Et
589 3677 650 3742 feci
672 3678 717 3743 sic
732 3680 818 3743 omni
841 3680 900 3758 die,
926 3680 1051 3764 quando
1068 3681 1211 3746 descendi
1235 3681 1272 3746 de
1288 3683 1385 3762 asino,

238 3786 271 3846 et
294 3781 379 3846 aliud
403 3781 495 3861 nihil,
519 3789 551 3846 et
574 3805 631 3866 per
654 3771 703 3848 dei
727 3785 864 3869 gratiam
888 3790 919 3850 et
941 3785 1119 3850 orationem
1140 3792 1249 3851 sancte
1267 3787 1385 3854 Katha-

238 3887 308 3952 rine
330 3890 440 3950 sanata
474 3893 548 3952 sunt
580 3909 673 3953 crura
706 3913 794 3968 mea,
829 3896 997 3976 antequam
1021 3892 1150 3975 perveni
1184 3893 1223 3958 ad
1245 3898 1386 3959 sanctam

240 3991 460 4072 Katherinarn,
485 3993 523 4057 de
546 4015 609 4078 quo
626 3995 680 4058 alii
699 4017 808 4059 omnes
823 3997 1033 4062 mirabantur.
1079 3995 1171 4062 Unde
1186 4001 1291 4062 autem
1306 3999 1384 4062 mibi

239 4097 326 4162 venit
348 4096 405 4160 illa
422 4097 600 4178 infirmitas,
625 4102 747 4164 certum
765 4101 876 4180 nescio,
901 4105 1041 4165 attamen
1066 4123 1124 4186 ego
1140 4103 1272 4186 ascripsi
1297 4104 1385 4187 equi·

239 4201 356 4266 tatiani
381 4206 524 4290 stoque,
550 4225 646 4290 quam
669 4203 735 4267 bibi
761 4226 822 4269 una
845 4227 918 4270 oum
933 4206 1014 4287 aliis,
1038 4229 1100 4292 que
1115 4207 1285 4293 aliquando
1309 4209 1385 4273 fete-

311 4427 324 4482 l
345 4425 428 4481 dabri
447 4425 551 4493 11,413
570 4427 698 4483 erwtbnt
716 4429 791 4484 dieas
809 4430 962 4501 schlangen
981 4431 1148 4502 gleicbfalls.
