3054 4942
654 343 717 410 217

115 520 367 586 lamentabiliter
389 540 517 603 rogans,
548 523 585 584 nt
606 541 715 584 omnes
743 518 893 584 sisterent
915 523 948 584 et
971 523 1155 604 quererent,
1188 519 1264 604 qnia

116 625 305 709 perdidisset
327 647 437 692 omnes
453 626 585 690 ducatos
606 647 689 691 snos.
734 623 802 689 Nos
823 647 948 710 qnoque
964 647 1073 691 omnes
1095 630 1181 690 retro
1202 627 1262 690 ivi-

115 753 184 796 mus
207 735 377 816 querentes
401 731 583 817 diligenter,
617 732 670 796 sed
694 731 776 796 nihil
802 731 990 796 invenimus.
1035 730 1151 796 Omnes
1175 730 1262 796 dole·

117 836 226 900 bamus
249 856 322 900 cum
345 836 476 902 domino
492 835 689 915 Bernhardo‚
713 841 783 900 tum
808 836 884 920 quia
906 841 974 900 erat
989 837 1135 902 infirmus
1149 835 1170 914 ¹,
1193 842 1262 900 tum

115 943 188 1026 quia
210 941 354 1024 perdidit
376 961 504 1006 omnem
526 941 739 1006 substantiam
762 963 861 1006 suam.
908 940 1028 1006 Videns
1059 945 1165 1006 autem
1188 940 1261 1006 Sar·

115 1067 256 1127 racanas,
281 1047 431 1112 inventor
455 1047 598 1130 pecunie,
621 1047 803 1131 angustiam
826 1051 859 1111 et
875 1047 1026 1127 dolorem,
1049 1047 1264 1112 misericordia

111 1155 215 1216 motus
231 1155 265 1216 et
281 1151 406 1216 iustitia
422 1152 562 1218 naturali
578 1157 704 1217 coactus
722 1154 852 1218 accessit
868 1157 985 1237 sponte
1012 1155 1135 1218 dicens:
1162 1152 1262 1228 »Quid

111 1257 208 1322 vultis
242 1257 318 1322 dare
352 1257 418 1335 illi,
453 1258 508 1342 qui
542 1258 664 1322 invenit
698 1261 730 1322 et
754 1259 841 1322 vobis
867 1259 1061 1323 restituetet’
1108 1257 1263 1322 Dominus

114 1359 317 1426 Bernhardus
334 1365 481 1445 prompte
497 1363 677 1446 respondit:
696 1361 824 1428 »Unum
834 1364 984 1428 ducatum
999 1364 1137 1448 spondeo
1155 1364 1260 1427 darer.

114 1466 189 1532 Ecce
204 1467 370 1532 mirabile!
395 1465 511 1534 Statim
535 1469 591 1532 ille
607 1467 798 1533 Sarracenos
814 1470 916 1534 currit
939 1469 977 1534 ad
997 1468 1164 1548 camelum,
1188 1491 1261 1552 pro-

112 1573 202 1637 duxit
236 1573 397 1638 sacculum
436 1577 468 1638 et
491 1573 633 1638 restituit
663 1573 732 1636 sine
762 1573 881 1638 lesione
910 1573 1020 1638 libere.
1066 1571 1183 1638 Statim
1206 1575 1261 1640 do·

112 1679 218 1742 minus
235 1675 439 1742 Bernhardus
463 1679 548 1744 dedit
571 1677 631 1742 sibi
650 1679 811 1758 ducatum,
836 1701 932 1764 quem
948 1683 1114 1761 gratanter
1129 1680 1261 1762 accepit.

113 1781 152 1846 Et
173 1783 259 1848 dixit
281 1783 444 1848 dominus:
483 1781 534 1848 »Si
557 1784 725 1862 tacuisses,
755 1784 908 1848 dedissem
932 1784 993 1848 tibi
1015 1785 1123 1868 potius
1146 1785 1262 1864 decem,

113 1891 341 1972 qnamltotum
363 1889 600 1971 perdidissemc.
649 1889 728 1954 Ecce
750 1888 942 1954 Sarracenos
965 1890 1100 1972 probus,
1136 1893 1168 1953 et
1198 1911 1260 1954 non

112 1993 217 2056 inveni
243 1991 353 2068 alium,
377 1997 409 2056 et
431 1993 485 2057 vix
502 1991 701 2058 Christianus
723 1993 770 2058 sic
792 1993 986 2058 restituisset
1003 1991 1025 2058 ².
1072 1993 1114 2058 llt
1137 1995 1261 2058 demum

113 2099 256 2162 venimus
278 2098 364 2162 circa
378 2101 483 2162 ortum
507 2098 583 2163 solis
598 2099 687 2162 iuxta
702 2103 827 2163 montes
842 2098 1003 2163 sabulosos
1022 2099 1260 2181 pulcherrimos.

115 2203 153 2266 Et
175 2203 278 2268 finitis
302 2204 465 2268 montibus
480 2203 605 2268 videtur
626 2204 665 2268 ad
689 2204 832 2268 dextram
849 2225 978 2268 manum
1001 2205 1113 2269 civitas
1135 2203 1263 2268 nomine

114 2308 262 2394 dchayca
276 2307 300 2384 ⁸,
324 2330 386 2392 quc
401 2309 501 2375 distat
524 2310 564 2373 ab
581 2309 725 2394 Alkayro
743 2310 782 2373 10
798 2309 936 2374 miliaria
959 2310 1074 2375 italica.
1121 2309 1163 2373 Et
1178 2309 1263 2374 circa

113 2413 224 2478 horam
248 2413 410 2498 primam*
433 2415 577 2479 venimus
608 2415 645 2478 ad
679 2414 806 2478 domum
829 2414 1005 2498 predictam
1034 2416 1125 2480 iuxta
1155 2418 1261 2480 ortum

113 2519 247 2584 balsami
270 2524 301 2584 et
325 2519 445 2583 fontem
463 2517 565 2584 Maris
580 2519 724 2602 virginis.
771 2519 811 2583 Et
834 2519 879 2582 ibi
895 2518 1050 2604 hospitati
1071 2541 1181 2586 snmus
1204 2542 1261 2604 per

115 2629 250 2704 noctem,
274 2625 458 2689 balneantes
474 2629 507 2689 et
523 2624 666 2689 lavantes
681 2628 791 2689 nostra
813 2629 846 2690 et
862 2647 928 2706 nos,
950 2631 983 2690 et
998 2625 1114 2709 emptis
1130 2625 1262 2710 gallinis

113 2729 255 2794 iecerunt
284 2731 399 2794 bonam
430 2730 615 2814 coquinam,
649 2735 681 2794 et
704 2731 899 2814 recuperatis
922 2731 1043 2796 viribus
1072 2753 1165 2794 mane
1194 2731 1259 2794 dixi

116 2833 244 2898 missam
267 2834 305 2898 de
327 2839 437 2900 sancto
460 2833 628 2900 Franciseo
658 2835 749 2898 iuxta
771 2833 902 2900 fontem.
948 2835 1045 2899 Illum
1077 2835 1198 2900 fontem
1230 2840 1262 2900 et

113 2939 263 3023 precipue
286 2940 408 3016 locum,
438 2939 493 3004 ubi
516 2939 671 3004 celebravi
711 2943 744 3004 et
777 2941 833 3003 ubi
857 2940 1013 3026 requievit
1036 2940 1127 3024 virgo
1150 2939 1262 3020 Maria,

112 3042 277 3110 Sarraceni
301 3043 422 3107 habent
444 3044 476 3108 in
501 3045 687 3124 reverentia,
710 3066 786 3130 ymo
808 3045 852 3108 ibi
869 3046 1063 3128 permittunt
1077 3044 1260 3130 ymaginem

113 3149 247 3236 virginis
270 3147 372 3214 Maria
384 3147 407 3214 ⁵.

676 3276 695 3311 ’κ’

182 3377 195 3432 1
215 3371 255 3430 llr
275 3375 387 3432 machte
400 3393 497 3445 vvesen
516 3377 605 3432 sciner
618 3377 760 3433 schwtehe
781 3378 826 3433 die
843 3378 914 3433 reisc
931 3376 1010 3431 nicht
1028 3376 1078 3431 aul
1088 3377 1179 3432 einem
1197 3377 1262 3440 asel,

114 3462 232 3518 sondern
251 3479 311 3517 sass
337 3463 368 3518 in
390 3463 480 3518 sinam
499 3464 586 3520 korbe
612 3466 664 3521 aul
680 3467 769 3522 einem
788 3466 906 3522 hamele.
1012 3467 1028 3519 2
1054 3463 1139 3520 dabri
1157 3465 1192 3529 ll,
1209 3465 1262 3520 543

113 3550 252 3606 bedentet
270 3550 365 3606 diesen
380 3552 483 3607 vorlall
493 3551 545 3607 vvis
555 3551 695 3620 walthan,
714 3573 768 3610 nur
786 3555 855 3610 land
869 3553 995 3609 darselbe
1013 3553 1084 3606 nach
1102 3553 1161 3606 ihm
1181 3551 1261 3608 moen

113 3641 164 3710 lag
181 3638 279 3694 srdher
297 3639 377 3692 statt.
414 3639 603 3696 Breidenbaeh
631 3642 719 3697 salbst
742 3643 879 3713 dbergeht
897 3642 1081 3699 sonderbarer
1099 3641 1179 3696 weiss
1208 3639 1262 3694 dan

112 3727 215 3782 vorlall
234 3725 287 3780 mit
305 3725 529 3798 stillsohvveigcn.
638 3731 655 3784 3
675 3729 845 3794 El-Ohanka,
865 3747 920 3786 von
938 3727 1021 3783 Fabri
1037 3727 1085 3790 Ill,
1105 3730 1121 3781 2
1141 3727 1262 3782 Achaeis

113 3817 250 3884 genennt.
356 3815 373 3869 4
400 3814 451 3871 Die
469 3816 562 3886 pilger
579 3817 680 3872 hatten
700 3817 759 3874 also
777 3835 832 3874 von
851 3817 939 3872 ihrem
958 3817 1127 3886 nachtlager
1144 3815 1187 3870 bei
1207 3815 1262 3870 Ain

113 3903 192 3958 llnsa
218 3902 262 3957 bis
280 3901 377 3957 hieher
401 3903 460 3958 drei
489 3907 557 3974 tage
575 3904 747 3974 gebraucht;
775 3905 847 3960 donn
875 3905 912 3960 da
940 3905 979 3959 sie
1006 3921 1052 3958 am
1072 3903 1176 3957 letaten
1195 3903 1263 3970 toga

113 3989 178 4045 bald
198 3991 274 4046 nach
294 3989 480 4046 mitternacht
499 3991 688 4058 auibrachsn,
711 3993 813 4048 hatten
831 3993 870 4048 sis
888 3992 960 4048 auch
980 4009 1016 4046 an
1035 3991 1094 4046 ihm
1112 3991 1165 4059 gut
1183 3989 1200 4044 8
1220 3988 1262 4042 bis

114 4079 129 4131 9
141 4077 273 4142 standan,
294 4079 355 4134 also
368 4078 450 4134 einen
463 4079 554 4136 vollen
568 4081 739 4150 tagmarsoh,
758 4079 965 4149 zurdclrgelegt.
1002 4078 1081 4133 Anah
1094 4077 1178 4130 heuto
1191 4076 1261 4132 noch

114 4163 205 4221 haben
225 4164 272 4220 die
291 4164 403 4220 lamala
416 4183 469 4222 von
486 4165 570 4223 Kairo
589 4167 661 4222 nach
674 4167 742 4222 Susa
761 4165 821 4220 drei
840 4169 907 4236 tage
925 4183 958 4220 au
969 4165 1067 4234 gehen.
1104 4161 1188 4216 Baed.
1201 4163 1262 4218 484.

113 4253 128 4306 t
148 4252 346 4321 El-ldstariye
365 4269 419 4309 von
438 4251 523 4308 Fabri
541 4252 691 4308 Matharea
708 4254 850 4322 genennt,
870 4255 903 4310 10
923 4253 1070 4309 lrilometer
1089 4249 1261 4306 nordostlich

113 4359 166 4398 von
186 4341 282 4398 llairo.
319 4327 393 4394 llber
412 4339 457 4394 die
468 4340 569 4410 quella,
587 4341 640 4396 den
653 4340 866 4410 balsamgsrten
885 4340 943 4395 und
962 4339 1006 4393 die
1019 4338 1131 4394 unalten
1150 4354 1187 4391 sn
1206 4337 1261 4394 die-

112 4431 209 4487 selben
228 4429 289 4485 sich
302 4425 482 4496 kndpfenden
494 4426 632 4497 legenden
650 4427 701 4482 hat
714 4425 799 4482 l'abri
812 4427 860 4493 lll,
873 4427 890 4482 2
903 4427 931 4483 ff.
950 4427 1005 4482 den
1023 4425 1262 4482 amfdhrlichsten
