3062 4938
808 288 851 356 56

256 466 298 530 Εο
321 466 500 548 dicebatur,
534 467 617 551 quod
643 465 756 530 Veneti
779 467 934 532 haberent
955 467 1131 552 armigeros
1162 465 1195 528 in
1218 465 1339 548 eampis
1369 469 1399 530 et

256 571 290 635 in
312 572 393 635 mari
417 571 489 654 plus
513 593 608 655 quam
624 571 791 654 sexaginta
812 571 912 651 milia,
935 575 968 636 et
992 593 1055 636 non
1070 569 1191 636 6611600
1213 591 1333 636 6666666
1354 571 1402 636 661

256 676 454 741 concordiam
472 675 563 754 inire,
586 676 684 742 donee
700 677 926 760 subiugaretur
949 678 994 742 616
1013 678 1077 742 dux
1099 681 1132 741 et
1147 681 1217 742 tota
1232 679 1400 752 terrosum

257 781 405 847 dioebanh
421 780 519 846 etiam
541 781 603 846 fide
618 781 708 867 digni
731 782 769 847 de
782 781 924 860 Venetis,
948 783 1031 868 quod
1047 781 1258 866 perdidissent
1280 804 1300 844 a
1315 781 1403 865 prin-

256 886 340 971 eipio
373 885 441 950 litis
472 905 573 969 usqua
608 887 646 952 ad
681 887 796 952 festum
820 885 970 972 Corporis
993 887 1112 952 christi
1145 884 1183 972 [6
1204 884 1300 971 Juni]
1333 885 1405 969 plus

258 1013 353 1075 quam
375 1011 430 1054 sex
453 990 543 1056 milia
558 992 744 1075 armigeros,
768 1014 903 1078 quorum
918 992 1019 1078 aliqui
1036 995 1140 1057 essent
1156 989 1322 1068 submersi,
1346 989 1403 1053 611-

258 1095 313 1179 qui
335 1093 451 1179 gladiis
473 1096 567 1160 oecisi
590 1102 623 1162 et
644 1097 762 1162 lanoeis
784 1097 963 1179 interfecti,
1000 1097 1148 1162 06000111
1173 1118 1248 1162 6666
1279 1095 1407 1180 sagittis

259 1200 444 1283 interempti
460 1200 481 1268 ¹.
528 1200 601 1267 Dux
619 1201 763 1268 Ferraria
787 1203 901 1268 habuit
923 1205 957 1268 in
979 1203 1174 1268 adiutorium
1197 1222 1305 1286 regem
1322 1198 1405 1264 Nea-

257 1303 479 1390 politanum²,
504 1329 597 1391 quem
620 1307 789 1392 prohibuit
811 1331 905 1392 papa,
929 1331 968 1373 ne
992 1308 1145 1374 transiret
1167 1313 1287 1372 terram
1309 1327 1408 1384 suam,

258 1415 290 1476 et
314 1412 346 1475 in
370 1412 430 1476 hoo
452 1412 581 1478 adiuvat
604 1411 742 1478 Venetos
758 1411 781 1478 ⁸.
828 1413 1001 1479 Dicebatur
1031 1417 1138 1478 tamen
1162 1409 1407 1476 666111666616-

259 1518 363 1597 tione,
399 1517 483 1602 quod
510 1518 593 1582 idem
623 1540 679 1582 rex
700 1522 802 1582 staret
824 1540 895 1583 oum
918 1520 1061 1584 exercitu
1082 1539 1139 1582 suo
1168 1517 1201 1580 in
1227 1515 1348 1600 eampis
1371 1514 1409 1579 ad
1521 1503 1522 1532 ¹

258 1623 322 1688 tria
344 1622 462 1687 miliari
486 1622 664 1688 alamanioa
685 1623 725 1688 ab
747 1625 826 1688 0606
849 1622 967 1703 Roma,
995 1627 1028 1688 et
1050 1622 1147 1688 661160
1169 1642 1241 1686 eum
1264 1619 1411 1703 potent-ia

260 1733 295 1792 et
315 1727 467 1792 violentia
483 1728 677 1811 pertransire
692 1728 715 1793 ⁴.
762 1727 910 1794 Prefatus
933 1729 995 1794 dur
1012 1727 1127 1794 babuit
1142 1727 1240 1792 etiarn
1265 1724 1296 1788 in
1319 1724 1411 1788 adiu·

259 1833 377 1898 terium
409 1834 519 1898 dueem
552 1834 590 1898 de
613 1832 761 1898 (11606616
771 1832 794 1911 ⁶,
824 1839 856 1898 et
887 1833 971 1898 hune
1003 1833 1171 1917 impedivit
1200 1852 1292 1914 papa
1339 1827 1413 1911 Ipse

259 1941 365 2002 autem
390 1959 461 2003 eum
484 1940 629 2022 potentia
651 1940 769 2004 invasit
790 1943 909 2004 terram
932 1938 1077 2018 66616616,
1111 1942 1142 2002 60
1174 1935 1317 2002 obtinuit
1351 1935 1414 1999 duo

197 2133 202 2140 ι
263 2043 393 2110 66606116
407 2041 431 2124 ⁶,
455 2067 590 2128 quorum
606 2067 705 2110 unum
721 2043 868 2157 totaliter
882 2045 1051 2124 destruxit,
1074 2044 1161 2108 aliud
1183 2041 1246 2106 sibi
1267 2039 1414 2118 retinuit,

261 2179 426 2250 6100601610
437 2181 534 2237 dassen
544 2181 757 2247 hoheitareehte,
768 2184 826 2236 und
842 2182 923 2236 61666
933 2181 1054 2236 (1660066
1066 2180 1240 2248 6006106000
1254 2178 1414 2248 666160006,

260 2268 419 2338 1600010060
436 2268 476 2322 616
489 2267 549 2322 1060
561 2269 672 2324 6101660
692 2269 746 2325 den
759 2269 839 2340 hrieg
852 2287 901 2324 an:
926 2270 1043 2340 »perehb
1056 2268 1155 2324 siando
1168 2267 1284 2330 6666116,
1304 2283 1333 2321 66
1348 2266 1415 2321 6061

261 2356 311 2410 606
323 2355 342 2408 'l
352 2372 380 2410 66
389 2355 534 2410 rimettaoe.
553 2355 604 2411 Die
614 2357 725 2412 absioht
734 2357 783 2413 der
791 2358 960 2413 Venetianer
969 2375 1029 2412 war
1040 2355 1192 2414 »oaeriarlo
1201 2354 1231 2408 di
1237 2355 1341 2410 stato«.
1356 2354 1417 2408 Ma·

262 2443 361 2514 lipiero
374 2443 434 2496 251.
465 2442 516 2498 Die
530 2445 641 2514 angabe
653 2445 763 2514 Malip„
781 2445 845 2500 (1666
857 2445 990 2500 Η6660166
1003 2447 1094 2501 venet.
1109 2443 1200 2498 666611
1222 2458 1359 2512 genesen,
1378 2441 1417 2496 ist

263 2531 393 2600 00610606
413 2529 564 2601 006160010,
584 2531 621 2586 da
636 2533 868 2604 Ferrarapdpstl.
888 2535 970 2589 leben
979 2550 1048 2588 6660.
1076 2530 1240 2600 Allerdings
1253 2529 1323 2599 geht
1335 2527 1418 2582 nieht

264 2635 317 2672 nur
342 2635 393 2672 006
423 2617 477 2672 (160
496 2621 627 2690 6006060
646 2621 808 2692 Malipieroa
825 2621 947 2679 sondern
966 2622 1038 2676 aueh
1062 2637 1112 2675 ans
1131 2621 1221 2674 denen
1247 2617 1296 2673 des
1316 2617 1419 2672 Petrus

264 2705 347 2774 Gyrn.
361 2706 469 2772 hervor,
489 2706 554 2761 dass
572 2724 602 2762 66
620 2708 674 2762 mit
687 2708 756 2764 01116
774 2709 823 2765 der
833 2709 1005 2765 Venetianer
1023 2727 1072 2763 606
1092 2707 1251 2763 0666660610
1270 2705 1418 2776 06160006.

335 2793 348 2846 1
368 2791 420 2848 Dia
438 2793 630 2850 heeresmaeht
658 2795 707 2851 der
727 2795 884 2868 Venediger
910 2799 1011 2868 betrng
1038 2797 1110 2852 naeh
1137 2796 1219 2850 Peter
1238 2792 1303 2863 Gyr.
1321 2793 1421 2850 10000

263 2899 358 2936 mann.
395 2879 447 2936 Die
464 2879 631 2951 riohtigkeit
659 2883 708 2938 der
727 2885 858 2954 angaben
878 2885 1022 2940 Walthers
1045 2883 1120 2938 -0066
1148 2882 1193 2938 die
1212 2883 1336 2938 66610606
1355 2881 1419 2936 der·

263 2968 358 3023 661060
377 2968 447 3022 10660
465 2967 526 3023 6160
545 2987 595 3024 606
620 2969 675 3024 den
692 2971 806 3039 quellen
825 2970 904 3025 nieht
921 2969 1140 3034 kontrollieren‚
1165 2968 1267 3040 jedoeh
1285 2968 1419 3024 66061060

263 3056 302 3111 616
320 3059 409 3110 etwas
427 3055 622 3122 00660616060,
642 3057 679 3112 da
699 3057 825 3127 Venedig
843 3058 966 3128 anfangs
984 3057 1142 3114 bedentend
1168 3057 1208 3112 im
1227 3056 1330 3114 6660611
1350 3074 1420 3111 war.

264 3145 280 3198 2
301 3142 458 3198 Fordinand
477 3143 489 3197 1
508 3141 673 3214 (066οο606.
692 3147 781 3200 06000
799 3144 849 3198 100
862 3146 995 3201 constant
1007 3144 1162 3215 Ferrante),
1182 3144 1228 3200 610
1241 3143 1420 3200 0600606066

264 3232 334 3288 6600
354 3231 450 3286 Alfene
471 3230 503 3299 V,
521 3230 643 3301 regiorte
663 3231 730 3286 1458
749 3231 792 3286 016
813 3233 889 3287 1494.
1011 3234 1028 3288 8
1048 3233 1104 3289 1166
1122 3233 1208 3303 papst
1226 3233 1422 3286 0006660006οο

265 3319 311 3374 016
330 3318 460 3389 republik
479 3317 558 3372 nieht
576 3317 643 3376 bloss
665 3320 717 3375 601
732 3319 808 3376 (11666
826 3319 966 3376 1001661606
984 3320 1080 3387 666166,
1108 3319 1227 3378 66061660
1250 3320 1347 3386 06006,
1367 3319 1422 3374 wia

265 3407 338 3463 aueh
358 3424 408 3462 606
426 3406 572 3462 Waltbera
598 3410 730 3478 60006660
749 3407 950 3479 mittoilungen
969 3409 1153 3479 herrorgeht,
1182 3408 1228 3464 610
1256 3407 1423 3464 1060116066

265 3494 386 3550 00061016
406 3493 459 3548 mit
477 3493 622 3551 (1666610666
641 3495 817 3566 0666οΙ66660
842 3495 1423 3552 0061661060060600666010661116616

265 3581 339 3638 0660
360 3582 485 3652 Venedig
502 3583 661 3653 geschiekt,
689 3602 731 3642 666
760 3584 886 3640 (16666106
912 3602 975 3640 zum
1004 3584 1154 3655 capitaneo
1172 3585 1296 3638 ernannt
1314 3581 1423 3638 warde.

266 3669 398 3740 Truppen
417 3669 523 3726 konnte
541 3670 591 3727 der
609 3675 694 3743 papst
708 3673 865 3744 allerdings
884 3673 963 3728 nieht
982 3671 1121 3738 echichen,
1139 3672 1201 3728 weil
1221 3689 1251 3726 er
1269 3671 1309 3726 616
1321 3687 1425 3741 666060

266 3757 315 3813 der
335 3757 454 3826 60061116
474 3758 520 3814 des
539 3759 639 3831 1600106
658 3779 712 3820 660
731 3761 837 3833 Neapel
856 3761 913 3816 und
933 3761 982 3816 der
1001 3759 1129 3815 16011160
1149 3758 1275 3816 0616006.
1292 3759 1352 3813 und
1370 3757 1424 3812 Sa·

266 3847 334 3902 66111
353 3847 440 3902 661060
456 3846 600 3913 06006100
627 3849 726 3919 jedoeh
743 3851 899 3920 gestattete
917 3864 947 3903 er
964 3846 1019 3902 den
1041 3846 1246 3906 Venetianern,
1265 3845 1296 3900 in
1314 3845 1424 3901 seinem

267 3935 377 4006 gebiete
395 3938 517 4005 truppen
537 3938 729 3992 anznwerbeu.
758 3937 834 3991 Petr.
853 3935 938 4005 Cyru.
959 3935 1035 3990 1202.
1115 3933 1208 3988 41166
1226 3933 1315 4003 konig
1332 3931 1425 3988 selbst

267 4025 349 4079 hatte
368 4023 427 4078 6160
439 4023 517 4077 01600
537 4023 589 4078 601
605 4022 1079 4093 06016160666060016060606060,
1098 4023 1218 4078 sondern
1232 4019 1328 4076 661060
1346 4020 1424 4075 anah

269 4129 323 4168 660
341 4111 473 4167 Waltbar
491 4113 653 4180 060600060
673 4111 748 4168 Sohn
767 4113 824 4167 und
844 4115 974 4182 60006660
993 4110 1159 4179 0660161066
1178 4109 1292 4172 Alfene,
1317 4107 1426 4176 herzog

268 4218 324 4256 660
337 4199 494 4263 0661606160,
516 4197 631 4256 dorthin
647 4199 798 4268 geschicht.
852 4201 868 4254 5
888 4197 1028 4253 06160616,
1051 4197 1117 4267 Vgl.
1131 4213 1188 4252 606.
1207 4199 1282 4254 0606.
1335 4197 1425 4251 201-

268 4289 329 4343 1606
342 4305 401 4342 6666
419 4287 462 4342 016
479 4305 543 4342 rum
557 4287 788 4358 Latinergabirge
802 4287 977 4357 6660660610,
997 4285 1078 4340 06006
1097 4283 1142 4340 die
1159 4285 1255 4340 6006106
1267 4283 1424 4341 Terracina

269 4375 325 4430 und
350 4375 459 4431 Marino
485 4374 514 4428 in
541 4373 618 4430 seina
635 4375 740 4446 060610
762 4374 901 4447 gebracht
920 4373 1005 4443 (66601
1032 4371 1076 4427 die
1096 4371 1166 4428 »duo
1185 4373 1320 4428 castellae
1340 4372 1424 4428 Wal-
