3054 4944
650 349 714 417 279

110 525 235 608 pulchri
258 527 372 592 subtus
387 528 498 607 altare,
521 529 603 612 quod
627 534 676 594 est
697 530 736 594 ad
757 530 923 611 orientem,
947 531 979 593 iu
1004 530 1082 613 pede
1105 530 1166 594 loei
1183 531 1257 595 Cal-

109 630 204 695 varie.
251 632 293 696 nt
306 631 465 698 'visiteeur
487 635 519 698 et
541 635 720 700 ostenditur
735 635 914 720 peregrinis
937 641 969 700 et
992 642 1068 700 sunt
1091 635 1136 699 ibi
1152 635 1258 700 indul·

109 737 217 820 gentie
239 736 303 800 Vll
325 759 480 802 annorum
504 743 537 802 et
559 738 622 804 Vll
645 761 842 806 serenarum.

195 843 241 926 [p.
266 841 347 930 242]
372 841 420 908 De
442 843 512 910 loeo
528 843 708 930 Lycostrati
732 846 799 910 sive
813 845 1059 911 abiudicationis
1084 845 1178 910 lheau
1201 867 1260 929 per

110 945 260 1014 Pilatum.

196 1105 203 1120 .
228 1103 236 1118 .
262 1103 269 1118 .
293 1051 340 1140 [p.
365 1053 446 1141 243]
473 1105 510 1120 ..
536 1106 543 1120 .
568 1055 633 1121 Iste
655 1057 744 1122 loeus
760 1055 966 1142 Lycostratus
990 1077 1053 1120 non
1077 1054 1256 1120 ostenditur

109 1158 299 1243 peregrinis,
322 1159 397 1244 quia
412 1165 517 1225 certus
532 1166 668 1245 punctus
690 1162 764 1226 seiri
787 1184 851 1227 non
866 1166 983 1245 potest,
1006 1161 1059 1225 sed
1082 1183 1145 1224 non
1163 1161 1258 1243 longe

108 1262 243 1327 adomo
268 1261 362 1328 Pilati
387 1287 494 1329 versus
525 1266 628 1331 louum
652 1264 797 1331 llalvarie
835 1268 868 1331 in
905 1265 1034 1350 publiea
1068 1269 1171 1330 strata
1212 1269 1260 1330 est

109 1389 170 1431 una
195 1371 289 1451 porta
310 1367 379 1433 alta
401 1370 610 1436 et'destrueta
624 1372 744 1458 absque
767 1372 873 1450 fulvis,
898 1377 931 1437 et
952 1393 1049 1456 supra
1071 1371 1158 1435 illam
1183 1391 1258 1455 por·

109 1477 173 1537 tam
197 1473 230 1536 in
255 1494 347 1538 muro
361 1477 480 1540 murati
504 1476 565 1542 duo
580 1476 702 1560 lapides
725 1478 763 1541 de
778 1499 945 1554 marmore,
969 1477 1045 1540 satia
1068 1476 1136 1556 lati,
1160 1496 1259 1558 prope

107 1599 149 1656 se,
173 1599 257 1641 nnus
278 1578 316 1642 ad
333 1583 486 1656 austrum,
510 1585 542 1645 et
563 1581 596 1644 in
615 1581 673 1646 ille
688 1580 779 1644 stetit
795 1580 938 1665 Pylatus,
962 1587 994 1645 et
1009 1579 1091 1644 elius
1113 1580 1152 1644 ad
1168 1580 1259 1664 aqui·

109 1682 225 1761 lenem,
242 1688 275 1746 et
292 1684 324 1747 in
337 1683 394 1748 illo
404 1685 497 1750 stetit
512 1683 633 1766 lhesus,
654 1687 781 1771 quando
793 1685 926 1772 Pylatus
937 1708 995 1770 per
1006 1684 1120 1751 falsam
1132 1688 1259 1750 senten-

109 1789 188 1854 tium
198 1789 420 1854 condemnavit
432 1787 560 1854 [hesum
571 1790 610 1854 ed
622 1797 756 1856 mortem
770 1791 993 1856 crucifixionis.
1017 1789 1058 1852 Et
1071 1789 1125 1854 isti
1138 1789 1259 1873 lapides

110 1895 279 1959 iacuerunt
294 1895 326 1958 in
345 1893 415 1960 loco
430 1893 623 1980 Lyeostreti,
640 1903 671 1960 et
686 1897 897 1962 ostenduntur
913 1894 1099 1979 peregrinis.
1130 1894 1170 1958 llt
1185 1897 1260 1958 sunt

106 1999 225 2064 ibidem
249 1999 450 2084 indulgentie
473 2005 595 2083 septem
617 2021 774 2064 annorum
797 2005 830 2064 et
853 2003 903 2064 tot
926 2019 1110 2064 serenarum
1128 1996 1148 2060 ¹.

275 2101 323 2168 De
343 2101 428 2168 Juda
449 2102 605 2168 traditura
627 2107 659 2167 et
682 2103 720 2168 de
743 2123 822 2186 egro
849 2102 1090 2168 Acheldemach.

198 2259 207 2274 .
232 2259 240 2273 .
264 2259 271 2273 .
296 2213 328 2272 et
351 2207 411 2272 iste
433 2227 510 2290 eger
534 2211 582 2272 est
604 2207 638 2272 in
660 2207 764 2272 altero
786 2213 895 2273 moute
928 2209 967 2273 ad
990 2207 1163 2272 australem
1186 2229 1259 2290 par-

106 2323 174 2380 tem
197 2315 231 2378 in
246 2313 397 2397 opposito
413 2312 530 2376 montis
546 2311 642 2398 Syon,
664 2313 750 2378 ultra
764 2313 890 2392 vallem,
915 2315 946 2376 in
972 2335 1035 2399 qua
1057 2317 1105 2377 est
1128 2313 1160 2376 in
1182 2312 1261 2396 pede

107 2419 228 2484 montis
249 2417 335 2504 Syon
358 2418 520 2482 natatoria
541 2416 645 2504 Syloe.
692 2417 733 2482 Et
763 2419 840 2484 lieet
874 2419 913 2483 de
949 2418 1005 2482 illo
1038 2438 1117 2501 egro
1146 2439 1262 2502 magna

108 2547 185 2610 pars
209 2530 292 2588 terre
315 2529 364 2588 est
385 2523 481 2587 dueta
504 2522 620 2602 Rome,
650 2528 757 2588 tumen
781 2523 882 2588 adhue
912 2529 961 2588 est
982 2523 1146 2608 sepultura
1169 2543 1259 2606 pere-

105 2631 274 2715 grinorum
300 2627 563 2693 Christianorum.
611 2628 759 2694 Elidem
781 2649 859 2713 ager
887 2635 935 2694 est
958 2628 1102 2694 totaliter
1125 2628 1260 2691 eircum-

105 2736 202 2799 datus
223 2734 324 2800 muris
346 2739 379 2797 et
403 2733 626 2814 testudinibus,
650 2741 682 2798 et
705 2736 831 2819 qnando
854 2740 999 2800 mortuus
1014 2733 1140 2817 sepeliri
1157 2733 1260 2811 debet,

107 2839 254 2906 mittitur
269 2861 326 2924 per
341 2839 483 2905 foramen
500 2839 646 2904 deorsum
662 2860 735 2904 eum
753 2838 896 2919 funibus,
920 2844 952 2904 et
975 2839 1085 2904 dicunt
1099 2840 1261 2902 morantes

104 2944 283 3012 Christiani
307 2945 340 3009 iu
355 2943 563 3025 lherusalem,
586 2945 612 3008 si
628 2966 693 3010 non
710 2949 791 3010 esset
813 2945 859 3010 sie
877 2946 955 3009 bene
972 2945 1126 3021 munitus,
1149 2943 1260 3024 depor-

104 3056 233 3118 taretur
248 3057 336 3116 terra
351 3051 505 3116 totaliter.
551 3049 593 3114 Et
611 3049 792 3115 ostenditur
815 3058 846 3114 et
863 3049 1013 3114 visitatur
1036 3071 1055 3113 a
1070 3045 1260 3132 peregrinis,

103 3163 136 3223 et
167 3161 245 3222 sant
275 3155 392 3220 ibidem
416 3155 615 3240 indulgentie
636 3159 757 3240 septem
781 3175 937 3220 annorum
971 3157 1003 3218 et
1025 3158 1148 3238 septem
1171 3173 1257 3218 aare·

102 3284 221 3330 nerum
234 3258 259 3327 ².

178 3475 192 3527 l
215 3470 295 3526 Naeh
308 3470 390 3525 Fabri
406 3471 425 3532 Ι,
439 3471 491 3526 360
502 3475 577 3525 utre
595 3469 645 3525 der
665 3469 756 3525 »loeus
765 3467 883 3542 judieii«
902 3485 939 3523 en
959 3467 1009 3523 der
1027 3468 1108 3523 stelle
1126 3485 1263 3536 genesen,

101 3579 144 3617 wo
160 3561 238 3630 jetzt
256 3557 306 3614 der
325 3561 499 3628 sogenennta
523 3557 821 3628 »necehomebogem
842 3557 927 3614 rteht.
964 3554 1044 3627 Sepp,
1065 3556 1263 3621 Je1·.1‚204u.

101 3647 211 3704 ZDPV.
229 3644 265 3712 11,
292 3647 327 3701 48
346 3644 373 3699 ff.
402 3645 465 3700 uult
493 3644 587 3700 diesen
607 3645 698 3714 began
725 3643 771 3698 fdr
789 3645 870 3699 einen
901 3643 950 3699 teil
978 3644 1026 3699 des
1044 3644 1262 3700 hadrianisehen

101 3732 343 3804 triumphbogens
360 3731 391 3787 in
409 3733 499 3788 seiner
517 3749 571 3788 nen
589 3731 726 3788 erbeuten
744 3731 825 3786 Aelia
837 3730 1008 3801 Capitoline.
1046 3732 1087 3786 lm
1105 3731 1196 3787 keller
1215 3731 1262 3785 des

101 3825 312 3886 Zioneklostera
334 3821 427 3878 beben
455 3820 515 3876 sich
538 3824 611 3876 reste
638 3820 686 3875 des
713 3820 793 3875 alten
812 3819 940 3889 pilaetere
959 3819 1103 3890 gerunden
1131 3818 1188 3872 und
1217 3818 1261 3872 ein

99 3933 173 3988 paar
187 3909 399 3980 steineylinder.
417 3909 463 3964 die
475 3908 548 3980 Sepp
564 3909 612 3964 fur
630 3907 685 3964 den
696 3907 874 3978 etaudpunlrt
892 3907 942 3962 der
957 3907 1085 3962 ausruler
1103 3905 1262 3961 verlorener

100 4004 225 4064 eschen,
255 3998 305 4054 der
325 3996 536 4053 volkstribunen
565 3996 621 4051 und
651 3995 700 4052 der
718 4013 780 4049 aum
801 3994 920 4050 verkeul
936 3995 1117 4050 bestimmten
1144 3991 1261 4046 sklaven

100 4095 174 4148 halt.
214 4085 297 4144 Socin
316 4085 411 4156 (Baed.
424 4085 470 4157 92)
488 4084 545 4138 und
564 4083 658 4139 Guthe
676 4083 747 4154 (Pal.
760 4084 782 4150 1,
800 4083 835 4138 80
847 4084 878 4152 f.)
896 4083 987 4152 geben
1005 4081 1051 4137 die
1070 4079 1261 4150 mtgliohheit,

98 4182 167 4237 daea
188 4179 241 4232 wir
260 4176 321 4230 hier
340 4173 484 4230 uberreste
502 4175 577 4229 eines
595 4173 749 4228 romischen
770 4172 854 4228 bauer
874 4189 922 4227 ror
945 4189 996 4225 uns
1016 4169 1119 4228 haben.
1141 4185 1187 4230 zu,
1214 4167 1263 4220 da·

97 4285 196 4340 gegen
216 4263 328 4320 erkluru
345 4261 427 4318 Sosin
441 4261 528 4332 Sepps
548 4260 680 4332 angeben
700 4260 767 4315 uber
785 4259 832 4314 die
848 4257 1048 4327 steineylinder
1067 4255 1113 4310 ltr
1134 4257 1263 4325 gewagte

96 4354 291 4427 hypotheseu.
361 4350 377 4404 2
396 4348 475 4404 Naeh
489 4348 574 4404 Fabri
587 4348 608 4415 1,
627 4348 678 4404 423
692 4348 720 4413 l„
739 4349 788 4403 der
801 4348 846 4403 die
859 4363 949 4418 genae
964 4345 1076 4415 anlage,
1095 4343 1140 4398 die
1153 4342 1261 4411 eigent·

98 4443 159 4502 lieh
180 4439 249 4496 lein
267 4436 350 4496 aeter
371 4437 491 4494 eundern
518 4437 580 4493 eine
604 4437 650 4490 ert
669 4435 796 4510 gebtude
823 4435 876 4500 ist,
905 4431 1080 4488 auslthrliah
1098 4429 1263 4496 besuhreibt,
