3054 4944
821 355 887 422 294

338 533 381 618 [p.
407 531 484 615 314]
510 529 556 594 Dc
577 530 673 594 variis
696 529 773 596 locis
797 527 905 594 electis
928 553 947 592 a
970 527 1101 593 diversis
1125 531 1271 614 personis
1295 531 1369 594 reli-

402 637 499 720 giosis
521 636 554 700 iu
577 639 663 700 terra
685 635 724 700 ad
746 634 944 698 serviendum
968 633 1025 698 deo
1047 636 1260 720 omnipotenti
1275 635 1296 702 ¹.
1419 691 1423 698 .

366 742 437 807 Viri
461 747 567 805 autem
589 739 694 804 devoti
719 745 752 804 et
774 738 877 803 sancti
900 743 932 802 et
955 737 1060 803 seculo
1080 741 1312 819 renuntiantes,
1335 741 1427 808 allec-

278 849 419 914 tionibus
442 850 474 911 et
493 845 657 910 desideriis
679 844 775 909 tracti
799 848 832 908 et
858 843 1009 909 dominici
1025 845 1143 910 amoris
1158 845 1282 911 fervore
1297 847 1428 925 accensi,

279 953 442 1038 eligebant
474 951 536 1015 sibi
559 950 627 1016 loca
650 951 815 1034 proposito
850 971 907 1015 suo
939 955 972 1014 et
994 950 1156 1016 devotioni
1179 953 1280 1037 magis
1302 974 1428 1036 compe-

278 1059 389 1133 tentis,
413 1055 583 1122 secundum
608 1057 692 1140 quod
713 1056 846 1139 spiritus
861 1059 990 1120 sauctus
1012 1055 1057 1120 eis
1076 1056 1298 1140 inspiraverat.
1348 1055 1429 1120 Nam

278 1163 396 1248 aliqui,
421 1162 566 1246 exemplo
588 1161 708 1226 domini
732 1161 914 1245 specialiter
937 1161 1062 1240 devoti,
1090 1161 1249 1226 desertum
1271 1161 1354 1226 illud
1376 1162 1428 1226 de·

278 1268 454 1347 siderabile,
480 1270 513 1331 in
538 1288 600 1352 quo
623 1268 770 1332 dominus
793 1271 900 1332 noster
917 1266 1027 1331 lhesus
1042 1266 1189 1333 Christus
1212 1271 1286 1350 post
1309 1266 1430 1350 baptis·

279 1395 365 1437 mum
389 1373 603 1457 quadraginta
625 1371 735 1437 diebus
754 1372 917 1437 solitarius
939 1371 1104 1452 ieiunavit,
1129 1371 1212 1457 quod
1228 1369 1430 1446 Quarentena

279 1476 477 1560 appellatur,
510 1481 547 1541 ut
571 1477 668 1542 vitam
692 1477 843 1542 ducerent
866 1476 1102 1556 heremiticam,
1135 1475 1364 1560 preeligentes,
1397 1477 1430 1540 in

280 1579 410 1645 modicis
442 1581 566 1646 cellulis
598 1583 725 1648 domino
758 1583 870 1647 devoti·
889 1581 1063 1646 Christiani
1096 1581 1280 1646 militabant
1292 1577 1315 1644 ¹.
1364 1579 1431 1644 Alii

279 1685 318 1750 ad
342 1685 522 1770 exemplum
537 1687 598 1750 riri
622 1689 723 1753 sancti
745 1687 850 1774 Halys
872 1687 1028 1772 prophete
1051 1688 1084 1751 in
1109 1689 1216 1751 monte
1231 1683 1378 1750 Carmelo
1401 1690 1431 1749 et

279 1791 416 1856 maxime
438 1791 470 1854 in
495 1789 551 1856 illa
573 1797 675 1876 parte,
700 1815 761 1877 que
779 1792 995 1876 supereminet
1017 1791 1139 1856 civitati
1158 1789 1347 1874 Porphyris,
1371 1811 1431 1876 que

282 1896 374 1962 hodie
390 1896 536 1984 anphas
551 1897 742 1983 appellatur,
766 1898 857 1963 iuxta
873 1897 1004 1977 fontem,
1029 1896 1083 1982 qui
1100 1895 1217 1960 dicitur
1231 1893 1303 1959 fons
1319 1893 1430 1978 Helye,

281 2023 344 2066 non
368 2002 463 2087 longe
485 2025 504 2066 a
528 2003 720 2068 monasterio
750 2003 842 2068 beate
865 2003 1000 2087 virginis
1023 1999 1209 2086 Margarita,
1232 1999 1332 2064 vitam
1355 1999 1429 2063 soli-

281 2109 395 2172 tariam
418 2109 557 2190 agebant
580 2109 613 2172 in
635 2108 816 2174 alvearibus
839 2107 1032 2172 modicarum
1054 2104 1242 2171 cellularum
1265 2109 1429 2187 tamquam

281 2234 356 2296 apes
371 2213 491 2278 domini
515 2214 712 2278 dulcedinem
736 2213 938 2300 spiritualem
963 2211 1196 2278 mellifluentes.
1243 2209 1301 2274 ldst
1323 2212 1427 2274 autem

280 2317 364 2382 alius
386 2315 549 2383 Carmelus
571 2322 661 2382 trans
683 2317 856 2383 dordonam
879 2318 969 2383 iuxta
991 2317 1151 2382 desertum
1174 2314 1375 2392 solitudinis,
1398 2315 1428 2377 in

282 2443 345 2506 quo
368 2421 464 2486 latuit
487 2419 588 2486 David
612 2445 630 2486 a
652 2423 733 2488 facie
749 2421 862 2502 Saulis,
885 2423 940 2486 ubi
964 2425 1034 2486 erat
1049 2420 1207 2486 habitatio
1224 2417 1346 2498 Nadab,
1371 2419 1429 2482 viri

280 2526 372 2591 stulti
386 2524 409 2590 ⁸.
442 2525 596 2592 Nonnulli
619 2528 675 2592 alii
698 2528 731 2592 in
748 2528 973 2593 solitudinibus
986 2524 1145 2605 Jordanis,
1169 2524 1223 2588 ubi
1247 2523 1358 2588 beatus
1373 2521 1429 2587 Jo-

280 2631 402 2696 hannes
428 2629 573 2715 baptista
604 2632 731 2716 lugiens
754 2634 914 2698 consortia
934 2633 1117 2712 hominum,
1150 2634 1187 2695 ut
1209 2629 1342 2694 liberius
1374 2630 1431 2694 deo

280 2741 417 2814 vacaret,
435 2737 553 2800 mortui
569 2740 697 2818 mundo,
721 2741 758 2802 ut
774 2741 916 2803 viverent
932 2739 1000 2820 deo,
1017 2738 1134 2824 quietis
1149 2735 1210 2800 sibi
1226 2733 1431 2818 sepulchrum

281 2841 455 2926 elegerunt.
503 2841 540 2907 ln
575 2843 635 2907 hac
668 2847 776 2908 autem
795 2843 969 2908 'solitudine
998 2844 1111 2908 edebat
1134 2843 1245 2906 beatus
1267 2838 1430 2904 Johaunes

281 2948 418 3013 locustas
450 2969 521 3012 cum
545 2948 648 3013 melle.
694 2946 776 3013 Sunt
797 2953 903 3013 autem
939 2949 971 3012 in
1002 2947 1148 3032 partibus
1179 2945 1244 3009 illis
1266 2943 1430 3008 calamelle
1511 2973 1512 3034 i

281 3052 301 3119 i.
328 3075 354 3118 e.
378 3051 490 3117 calami
514 3052 601 3136 pleni
623 3053 719 3119 melle
741 3055 762 3118 i.
787 3077 813 3120 e.
835 3075 927 3119 succo
950 3053 1152 3132 dulcissimo,
1185 3051 1240 3136 qui
1266 3069 1432 3133 expressus
1511 3047 1512 3060 ¹

848 3195 867 3230 ᾗ

281 3291 381 3348 landes
399 3311 432 3346 zu
451 3291 506 3348 den
524 3293 699 3365 lrreusadgen
718 3295 774 3348 und
794 3295 839 3350 die
856 3294 1012 3364 eroberuug
1038 3293 1086 3349 des
1106 3293 1144 3348 bl.
1164 3293 1261 3349 landes
1280 3293 1368 3347 durch
1387 3293 1430 3347 die

281 3379 469 3434 lrreualahrer.
573 3380 590 3434 4
617 3380 697 3436 Diese
716 3397 793 3435 verse
812 3379 903 3436 finden
928 3380 987 3458 sich
1005 3380 1049 3436 bei
1068 3381 1146 3439 Tobl.
1166 3380 1248 3450 Golg.
1268 3381 1380 3450 heilage
1401 3381 1430 3434 Α.

282 3465 347 3534 Vgl.
365 3463 451 3519 Fabri
470 3465 507 3532 11,
524 3467 575 3522 171
596 3468 653 3522 und
672 3467 820 3524 besonders
839 3467 917 3523 Tobl.
936 3465 1030 3522 Dritte
1048 3467 1233 3537 Wanderung
1251 3485 1272 3523 s.
1290 3469 1342 3524 273
1361 3467 1389 3521 ff.

353 3553 366 3606 1
387 3551 449 3608 Vou
467 3571 494 3624 p.
504 3555 556 3610 310
566 3553 610 3608 bis
620 3557 672 3611 314
690 3555 741 3610 hat
752 3553 882 3610 Walther
904 3555 949 3610 die
967 3561 1077 3612 tussere
1089 3555 1248 3625 geschichte
1267 3555 1315 3610 des
1333 3555 1431 3626 lrdnig·

282 3637 388 3695 reiches
400 3639 558 3698 Jerusalem
572 3641 726 3697 behandelt
748 3641 790 3696 bis
803 3659 851 3696 aur
864 3641 1123 3711 wiedereroberung
1134 3640 1183 3696 der
1201 3641 1241 3698 hl.
1253 3641 1333 3695 stadt
1344 3641 1433 3696 durch

282 3727 414 3792 Saladin,
441 3728 555 3784 thalich
574 3729 628 3785 sris
645 3729 731 3784 Fabri
751 3729 784 3795 11,
804 3729 855 3784 267
874 3729 917 3784 bis
935 3730 995 3786 287.
1031 3728 1073 3783 Im
1092 3728 1242 3797 folgenden
1260 3729 1320 3784 will
1339 3746 1369 3784 er
1388 3729 1433 3784 die

283 3815 409 3880 inneren,
429 3815 578 3872 besonders
597 3817 642 3873 die
661 3817 810 3888 religiosor
822 3817 1006 3872 rerhtltnirse
1023 3815 1071 3872 des
1079 3815 1271 3886 lrdnigreiches
1283 3816 1432 3872 schildern.

281 3905 298 3957 2
318 3901 382 3972 νει.
401 3903 472 3960 ouon
490 3922 511 3961 e.
539 3905 590 3960 148
616 3923 690 3963 anm.
720 3907 743 3962 1.
797 3892 872 3961 tter
899 3905 974 3960 uras
998 3903 1146 3960 unsrsuer
1164 3903 1222 3958 unu
1250 3903 1309 3958 rare
1328 3904 1432 3959 buaren

282 3993 339 4061 vgl.
359 3989 509 4048 besonders
528 3992 608 4064 Sepp,
627 3994 683 4048 Jer.
702 3993 724 4058 1,
743 3995 794 4049 736
812 3991 841 4048 ff.
861 3992 917 4047 und
936 3991 979 4050 Fr.
997 3991 1096 4046 Lierin
1116 3992 1151 4047 de
1169 3990 1296 4056 Hsmme,
1316 3991 1373 4046 Das
1392 3993 1429 4047 hl.

283 4077 370 4144 Laud,
390 4079 530 4135 dbersetct
549 4097 604 4138 von
622 4080 706 4137 Costa
724 4080 824 4150 Major.
861 4080 953 4135 hlaine
974 4081 1049 4136 1887.
1070 4080 1103 4144 ll,
1125 4079 1174 4134 161
1194 4077 1223 4134 ff.
1319 4079 1336 4134 3
1359 4081 1432 4135 lluss

281 4165 409 4222 offenbar
427 4165 520 4221 Nabal
540 4167 650 4223 heillen.
686 4167 752 4238 Vgl.
770 4169 826 4224 bea.
846 4167 1015 4238 1.ng.25.
1050 4155 1191 4238 libripens
1216 4167 1267 4237 lag
1289 4167 1335 4222 die
1354 4167 1432 4223 stsdt

283 4252 395 4310 Carmel
414 4255 493 4310 nicht
507 4255 625 4326 janseits
643 4255 691 4310 des
712 4256 832 4312 Jordans
850 4257 970 4313 sonderu
989 4256 1061 4312 nach
1075 4255 1267 4323 Hieronymus,
1286 4253 1430 4310 Onomast

282 4344 334 4395 art.
350 4340 500 4407 Carmelus,
520 4343 588 4396 aebn
601 4343 737 4398 romische
750 4345 851 4400 meilen
864 4344 964 4401 detlich
975 4363 1029 4402 ron
1040 4345 1160 4401 Hebron.
1196 4343 1263 4398 blan
1273 4343 1432 4398 betrachtet

282 4427 327 4482 die
348 4429 456 4484 Kermel
476 4433 639 4498 genannten
657 4430 756 4486 ruiuen
775 4431 818 4486 als
837 4432 979 4488 dberreste
997 4432 1085 4488 dieser
1104 4429 1191 4486 stadt.
1228 4429 1313 4486 Bsed.
1337 4433 1391 4485 174.
1482 4415 1489 4430 ⁹
