3054 4942
658 341 722 405 233

115 537 169 580 noa
191 537 300 580 versus
323 514 462 601 Nylum‚
486 519 518 580 et
542 515 747 580 ostenderunt
770 517 861 581 nobis
883 537 982 582 unum
1005 515 1165 582 eumulum
1189 513 1262 599 pul-

114 623 250 687 oriorum
273 643 428 706 equorum
459 625 492 685 et
522 621 685 685 asinorum
715 643 768 686 seu
791 624 967 702 mulorum,
1000 625 1122 686 stantes
1152 621 1197 684 ibi
1229 621 1262 684 in

114 728 247 812 planitie
270 728 338 792 sine
361 727 498 806 stabulo,
522 731 553 792 ot
569 728 727 806 dixerunt,
751 730 835 813 quod
861 733 966 793 essent
987 728 1020 791 in
1037 748 1169 791 numero
1192 727 1263 809 plus

114 855 206 918 qnam
223 833 403 918 quingenti,
426 833 501 912 albi,
524 832 600 896 ruffi
624 837 656 897 et
671 834 766 916 nigri.
814 833 855 899 Et
871 834 997 918 quando
1012 833 1107 898 alieui
1132 833 1170 896 de
1195 853 1260 895 ma·

114 938 238 1004 nnluois
263 961 362 1024 equus
384 960 459 1004 suus
481 940 619 1004 moritur
643 940 693 1002 vel
718 940 803 1005 aliud
827 941 1000 1024 dampnum
1022 939 1154 1020 ancipit,
1187 940 1264 1000 tuno

113 1043 261 1108 soldanus
283 1045 338 1108 det
361 1044 423 1108 eibi
446 1045 612 1127 optionem
634 1045 771 1128 eligendi
796 1045 892 1125 alind,
915 1045 1147 1128 dixeruntque,
1180 1042 1263 1126 qnod

114 1150 151 1214 de
172 1149 293 1214 talibus
316 1151 451 1215 stabulis
473 1151 606 1215 haberet
629 1152 779 1215 eontinue
801 1151 906 1214 decem
930 1152 1037 1232 preter
1058 1149 1107 1212 sui
1131 1147 1204 1231 equi
1229 1151 1261 1210 et

115 1254 250 1319 aliorum
274 1255 515 1321 manuluoorum
539 1277 678 1320 suorum.
724 1255 858 1320 Demum
882 1255 946 1319 hiis
961 1255 1035 1319 visis
1052 1253 1263 1338 equitavimus

115 1380 221 1422 versus
244 1364 389 1423 austrum
412 1361 449 1424 ad
473 1360 636 1424 civitatem
662 1359 876 1438 Babilonam‚·
902 1381 963 1424 non
989 1365 1096 1424 temen
1129 1361 1176 1422 est
1205 1357 1264 1421 illa

118 1464 284 1530 Babilonia
312 1485 445 1548 magna,
475 1465 530 1529 ubi
554 1463 713 1530 Nemroth
736 1463 896 1528 consuluit
925 1463 1001 1528 filiis
1023 1461 1094 1528 Noe
1118 1462 1264 1526 edificare

117 1577 238 1636 turrem
261 1591 360 1654 usqne
383 1571 422 1635 ad
445 1571 557 1647 celum,
583 1569 631 1655 [p.
657 1567 731 1656 107]
756 1569 790 1633 in
813 1569 902 1633 ouius
924 1568 1160 1634 construetione
1181 1565 1263 1630 divi-

114 1697 183 1740 sum
206 1680 254 1739 est
276 1675 398 1740 labium
413 1675 558 1739 universe
582 1679 666 1737 terro
682 1673 704 1752 ¹,
727 1674 781 1737 sed
803 1673 862 1736 illa
877 1671 1048 1736 Babilonia
1064 1671 1180 1736 dieitur
1203 1670 1262 1733 mi-

116 1802 174 1847 nor
188 1787 323 1866 propter
344 1787 451 1846 tentas
467 1780 666 1846 confusiones
689 1779 734 1843 ibi
749 1777 848 1843 faotas
863 1781 1016 1862 tempore,
1040 1798 1102 1862 quo
1118 1773 1264 1840 Christus

114 1888 158 1950 ibi
181 1886 332 1964 intravit,
363 1890 395 1949 et
421 1885 527 1949 omnia
556 1884 641 1948 idola
664 1883 845 1948 oeciderunt
858 1881 882 1946 ⁹.
928 1879 997 1946 Hae
1021 1880 1187 1945 Babilonie
1216 1883 1264 1943 est

114 1992 202 2077 qnasi
225 1990 358 2075 propria
381 1990 502 2070 civitas,
525 1989 600 2074 quia
623 1990 707 2053 inter
730 1987 910 2073 Alkayrum
934 1993 966 2051 ot
989 1985 1192 2050 Babiloniam
1215 1987 1263 2046 est

115 2098 250 2181 quedam
272 2115 391 2178 magna
406 2093 592 2172 distantie⁸‚
618 2094 695 2158 lieet
717 2093 794 2157 olim
817 2093 880 2156 fuit
903 2113 966 2156 una
982 2091 1103 2169 civitas,
1127 2095 1164 2152 ut
1180 2087 1264 2152 olore

113 2207 203 2287 patet
226 2201 434 2266 intuentibus.
480 2199 517 2263 In
553 2200 660 2264 eadem
694 2199 825 2264 civitate
848 2197 1017 2262 Babilonia
1050 2197 1126 2260 sunt
1155 2193 1264 2278 plures

116 2307 246 2372 ecclesie
262 2305 526 2370 Christianorum.
572 2304 614 2369 Et
629 2305 803 2369 introducti
830 2304 934 2388 primo
949 2301 1149 2367 visitavimus
1165 2298 1263 2364 eoele-

112 2413 190 2476 siam
214 2412 307 2476 beate
329 2411 429 2476 Marie
452 2411 602 2494 virginis,
633 2411 667 2474 in
701 2432 764 2494 qua
786 2419 833 2474 est
855 2409 959 2487 loeus,
987 2407 1042 2471 ubi
1067 2406 1170 2470 Maria
1192 2425 1265 2469 oum

115 2515 181 2581 lilio
204 2536 262 2580 suo
279 2515 375 2580 Ihesu
398 2521 430 2581 et
444 2514 564 2599 Joseph
581 2521 706 2580 morata
728 2519 776 2579 est
791 2519 912 2599 septem
930 2514 1037 2590 ennis;
1061 2517 1093 2578 et
1109 2516 1156 2576 est
1172 2508 1264 2574 valde

115 2620 247 2685 devotus
269 2620 368 2698 loeus,
393 2625 426 2685 et
447 2620 493 2684 ibi
516 2620 677 2703 peregrini
701 2620 801 2684 nostri
826 2619 945 2684 domini
961 2619 1115 2682 dederunt
1138 2616 1263 2700 largam

113 2726 317 2791 elemosinam
332 2723 355 2789 ⁴.
391 2723 525 2790 Domum
543 2726 656 2790 ivimm
677 2727 715 2790 ad
732 2725 897 2791 ecelesiam
913 2725 1015 2790 saneti
1032 2722 1163 2806 Georgii
1178 2743 1263 2785 mar-

113 2832 213 2916 tyris,
245 2831 278 2894 in
312 2843 375 2915 qua
408 2832 519 2896 dieunt
551 2852 584 2896 se
615 2831 730 2896 habere
753 2831 919 2896 brachium
949 2852 1021 2894 oum
1043 2850 1140 2892 manu
1162 2825 1262 2890 saneti

685 2937 699 2965 Ι

114 3006 276 3062 bestimmte
304 3004 416 3074 angebo
435 3004 578 3060 Walthers
604 3005 700 3060 ddrl'te
727 3005 772 3059 die
790 3004 1049 3074 glaubwfirdiglreit
1076 3002 1125 3056 der
1151 2997 1263 3068 angebo

112 3092 211 3148 Febris
230 3091 279 3158 ΙΙΙ,
299 3093 332 3147 57
351 3091 384 3157 Ι..
409 3093 528 3148 veloher
556 3111 593 3148 an
611 3093 714 3149 diesem
733 3095 800 3162 tage
829 3091 887 3146 und
914 3091 959 3146 bei
983 3091 1073 3146 dieser
1091 3086 1264 3152 wandemng

113 3181 205 3238 solete
218 3180 283 3235 osen
296 3180 417 3250 gesehen
433 3180 527 3236 haben
539 3181 605 3246 vill,
625 3181 705 3236 etarlr
717 3181 901 3236 ersohdttern.
939 3181 1010 3248 Sagt
1028 3195 1057 3233 er
1072 3179 1105 3247 ja
1123 3176 1162 3230 im
1175 3171 1264 3242 Reyll.

115 3270 164 3326 173
182 3269 281 3335 selbot,
300 3268 364 3324 dass
383 3269 414 3324 in
431 3269 495 3326 dem
513 3269 608 3336 hanso,
626 3269 715 3326 vorin
732 3269 791 3324 sioh
809 3268 854 3323 die
872 3267 1003 3322 brutdfen
1022 3263 1168 3325 ostenden,
1189 3260 1262 3316 ’nie-

113 3358 201 3414 mand
225 3356 372 3412 deheim«
391 3374 458 3411 var.
494 3356 927 3412 NaehBroidenb.108httten
955 3354 1047 3424 einige
1070 3351 1162 3423 pilger
1189 3348 1264 3403 diese

114 3447 176 3504 osen
196 3463 235 3502 an
254 3445 344 3501 einem
365 3445 472 3502 andern
491 3448 559 3515 tage
577 3446 704 3516 gesehen.

183 3535 197 3588 1
218 3533 326 3588 Tuoher
345 3534 395 3588 857
415 3532 523 3588 seheint
540 3533 634 3590 diesen
654 3532 830 3587 untereohied
859 3531 936 3586 nieht
955 3529 1083 3600 geliennt
1109 3545 1143 3582 au
1162 3525 1263 3580 haben.

112 3623 127 3676 2
145 3621 233 3678 Fabri
253 3621 302 3684 ΙΙΙ,
320 3622 354 3676 49
373 3621 500 3676 ervahnt
523 3621 598 3676 disse
616 3621 733 3690 legende
760 3621 831 3675 auoh
856 3620 923 3674 aber
941 3615 1103 3688 gleiohfalle
1121 3614 1193 3671 ohne
1212 3629 1261 3667 an·

112 3711 184 3780 gabe
196 3708 275 3764 einer
286 3709 387 3778 quelle.
458 3709 474 3764 3
493 3708 577 3764 Fabri
592 3710 640 3773 lll,
651 3711 699 3764 61:
720 3709 843 3779 »grande
855 3705 1065 3762 interstitium«.
1138 3706 1154 3756 4
1173 3701 1263 3756 Ghist.

114 3799 162 3854 169
180 3800 248 3866 sagt
262 3814 317 3853 von
330 3796 419 3853 dieser
431 3796 539 3851 kirche:
560 3797 657 3850 »llerst
675 3814 706 3852 so
718 3799 788 3851 vert
802 3813 865 3850 men
881 3796 971 3866 geleet
990 3794 1034 3848 tot
1047 3791 1147 3846 eander
1158 3788 1264 3844 kerken

113 3885 156 3942 die
174 3885 245 3940 door
264 3886 397 3954 genaomt
415 3884 439 3938 is
458 3883 496 3939 Le
509 3883 588 3938 Cana
600 3882 760 3954 Babylonis,
782 3882 833 3937 dat
845 3883 969 3952 genoeoh
987 3898 1040 3937 een
1058 3895 1158 3950 proper
1170 3892 1264 3945 seyer-

114 3974 182 4030 lioke
198 3971 302 4027 kerolto
320 3971 352 4036 is,
371 3972 441 4027 ende
460 3972 502 4026 als
520 3989 579 4027 mer
596 3973 627 4026 in
645 3973 720 4028 oomt
737 3973 781 4026 ter
796 3970 905 4026 reohter
924 3969 1001 4026 hand
1015 3985 1072 4023 van
1091 3967 1144 4023 den
1159 3964 1264 4020 Ghoore

113 4060 324 4132 ommegaende,
342 4063 417 4116 staet
435 4077 485 4116 een
503 4059 630 4130 cappella
648 4063 706 4114 met
726 4060 884 4128 Xtrappon
898 4055 1099 4126 nedergaende
1120 4051 1264 4108 hebbende

115 4151 163 4220 dry
176 4150 290 4222 pilaren
303 4187 343 4203 ...
357 4149 401 4202 ter
413 4148 531 4203 velolser
544 4147 662 4218 pleolren
680 4148 784 4216 (nomen
804 4145 872 4200 daer
883 4145 976 4215 soght)
995 4160 1044 4199 ons
1065 4143 1136 4196 lieue
1148 4141 1263 4195 Vrouve

113 4239 224 4294 moeder
243 4233 314 4290 ende
333 4235 449 4303 moghet
468 4237 525 4290 vat
544 4235 607 4306 tijts
625 4235 767 4290 vvoonde.«
805 4232 882 4288 Auoh
895 4231 979 4287 Fabri
992 4229 1041 4293 Ill,
1054 4229 1088 4282 49
1106 4226 1264 4282 beoohreibt

111 4323 155 4380 die
172 4323 271 4378 kirehe
291 4321 507 4388 ausfflhssiohm,
528 4325 657 4379 erwthnt
676 4322 743 4378 aber
763 4321 870 4388 daron,
899 4321 963 4374 dass
981 4317 1028 4372 die
1046 4317 1138 4387 pilger
1157 4315 1203 4370 ein
1221 4315 1263 4368 al-

109 4429 204 4468 mosen
223 4409 328 4482 gabon,
348 4407 447 4466 niohts.
486 4409 549 4481 Vgl.
569 4409 652 4466 Baod.
671 4411 723 4466 342
742 4409 770 4464 ff.
790 4409 870 4480 Sepp,
889 4407 944 4463 Jer.
964 4407 998 4471 ΙΙ,
1019 4407 1070 4462 764
1086 4403 1114 4461 ff.
