3062 4938
644 333 687 401 55

107 528 205 590 aquarn
227 508 265 572 ad
282 529 404 588 nasum,
427 514 460 574 et
476 511 571 594 erigit
587 531 710 588 nasum,
734 515 766 574 et
782 511 925 576 extendit
941 517 974 577 et
989 515 1112 598 spergit
1127 538 1241 600 aquam

107 635 189 695 super
211 613 355 680 homines
388 620 421 680 et
451 615 528 681 facit
551 616 665 682 iocum.
711 615 835 682 Habuit
868 619 954 682 inter
983 623 1105 684 eeteros
1133 620 1243 686 dentes

109 715 252 800 longiores
267 720 356 799 duos,
374 725 465 785 extre
478 741 600 786 sursum
619 722 823 787 extendentes
845 745 883 787 ex
899 729 1035 810 utraque
1049 731 1142 808 parte
1164 727 1242 806 nesi,

106 824 308 908 uuusquisque
331 825 365 889 iu
382 825 584 911 longitudine
608 826 648 891 ab
664 831 756 891 extra
770 828 864 892 unius
881 829 983 894 medie
1007 828 1092 896 ulne.
1139 830 1242 896 Aures

104 927 160 992 sira
174 929 332 994 auriculas
355 929 470 995 babuit
484 929 668 1006 latissimas,
692 933 867 1016 pendentes
890 935 922 998 iu
940 933 1095 1000 lateribus
1118 937 1243 1021 capitis,

105 1039 234 1118 tegentes
257 1036 376 1100 collum
399 1037 482 1102 sicut
503 1037 624 1101 corium
640 1037 790 1121 griseum.
837 1037 959 1104 Habuit
982 1041 1077 1105 etiarn
1103 1023 1241 1126 quatuor

102 1140 185 1223 pedes
206 1161 343 1224 grossos,
367 1142 536 1218 rotundos3
561 1163 624 1207 uon
640 1143 737 1224 fingit
753 1143 917 1229 ungulam.
964 1144 1035 1210 Hoc
1051 1146 1169 1211 animal
1192 1169 1241 1212 as·

103 1247 243 1312 candebat
267 1248 407 1332 lapidem
430 1271 562 1333 parvum
596 1270 668 1313 cum
691 1250 839 1314 omnibus
872 1250 938 1315 suis
963 1249 1006 1335 [p.
1030 1251 1087 1334 39]
1110 1251 1243 1335 pedibus

103 1356 131 1418 et
149 1353 238 1417 stetit
262 1353 436 1433 immobile,
459 1355 558 1420 donec
581 1355 734 1439 magister
756 1355 834 1420 fecit
857 1355 938 1420 illud
962 1356 1159 1422 descendere.
1204 1356 1242 1420 In

103 1457 194 1522 cruris
216 1459 431 1525 anterioribus
453 1483 517 1526 non
540 1461 637 1526 habet
653 1462 817 1526 iuncturas
840 1461 902 1526 nisi
924 1461 1059 1526 inferius
1081 1460 1165 1526 circa
1187 1483 1243 1544 pe-

102 1563 161 1626 dem
192 1569 223 1629 et
245 1565 393 1650 superius
424 1567 507 1632 circa
530 1587 653 1651 eorpus.
701 1565 742 1631 Et
775 1567 901 1651 quaudo
924 1565 1078 1650 magister
1100 1565 1171 1630 vult
1193 1587 1242 1629 as·

101 1669 223 1734 uendere
246 1670 467 1754 elephantem,
498 1677 575 1738 tunc
598 1676 745 1737 recurvat
767 1693 840 1737 crus
863 1677 896 1737 et
918 1672 1047 1756 prebet,
1071 1671 1169 1734 etsie
1193 1693 1243 1734 es·

101 1774 212 1840 cendet.
257 1774 450 1841 Terribilem
481 1777 578 1842 babet
601 1778 781 1842 clamorem.
827 1777 968 1862 thuid
992 1775 1092 1840 dicam
1117 1775 1244 1840 deeius

103 1879 295 1958 fortitudine,
319 1903 389 1945 cum
412 1881 516 1946 adhue
538 1881 641 1946 solum
659 1881 772 1946 habuit
794 1903 849 1945 sex
871 1903 970 1946 anuos
992 1882 1025 1944 iu
1050 1883 1159 1944 etate?
1181 1877 1243 1944 Sed

100 1983 208 2050 dicitur
231 1985 272 2050 de
287 1982 478 2050 fortitudine
493 1986 681 2070 elephantis,
705 2009 776 2052 oum
791 1987 916 2052 venerit
938 1987 977 2051 ed
994 1991 1110 2051 etatem
1135 1985 1177 2048 20
1192 1984 1243 2048 vel

101 2091 137 2154 30
157 2113 332 2171 annorum,
356 2095 433 2155 tunc
456 2095 563 2174 portat
585 2113 682 2176 super
712 2113 746 2156 se
768 2113 827 2176 per
849 2092 1013 2176 integrum
1036 2111 1156 2155 aunum
1178 2089 1243 2154 edi-

103 2196 198 2260 ficium
222 2215 377 2281 maguum
401 2217 472 2262 cum
497 2197 647 2262 trecentis
670 2197 748 2262 viria
770 2197 903 2263 armatis
933 2219 1005 2262 eum
1029 2195 1189 2261 alimoniis
1211 2197 1243 2258 et

99 2301 164 2365 aliis
184 2301 380 2366 necessariis.
427 2300 493 2366 Iste
517 2301 645 2386 elephas
667 2302 713 2368 sic
734 2302 798 2367 tuit
820 2303 1011 2368 instructus:
1035 2300 1161 2386 quaudo
1183 2299 1241 2364 ho-

100 2405 192 2470 mines
214 2405 330 2470 volunt
353 2407 513 2486 recedere,
538 2409 679 2473 extendit
702 2429 813 2472 nasum
837 2413 869 2473 et
891 2407 1004 2492 prebet
1026 2407 1188 2484 omnibus,
1212 2410 1244 2470 et

100 2510 170 2592 vult,
193 2517 230 2576 ut
246 2511 368 2596 singuli
384 2515 500 2596 tangat
521 2535 580 2598 pro
597 2513 710 2592 valete,
732 2513 813 2578 sicut
837 2515 930 2578 amici
954 2513 1015 2577 sibi
1038 2518 1147 2576 mutuo
1170 2533 1243 2596 pre-

101 2615 168 2682 bent
190 2639 305 2682 manus
328 2619 361 2681 iu
387 2639 509 2684 recessu
525 2618 547 2685 ¹.

178 2721 216 2788 ln
240 2723 347 2787 eodem
364 2745 448 2789 anno
470 2724 524 2788 sel.
548 2724 589 2789 ab
605 2723 825 2788 incarnatione
842 2721 961 2788 Christi
980 2723 1063 2788 1482
1087 2723 1120 2786 in
1136 2731 1244 2787 men'se

100 2825 213 2894 blereio
237 2829 430 2912 inceperunt
453 2829 639 2913 gravissime
670 2826 773 2893 lites²
803 2829 888 2892 inter
911 2827 1050 2893 Venetos
1079 2832 1111 2892 et
1133 2829 1243 2893 ducem

98 2931 327 2998 Ferrariensem
342 2931 365 3011 ³,
399 2939 431 2998 et
453 2939 613 2999 steterunt
643 2935 810 2999 turmatim
839 2938 951 2998 contra
984 2953 1017 2996 se
1050 2934 1082 2997 in
1112 2933 1241 3017 campis.

663 3040 678 3070 U

163 3111 171 3162 1
195 3107 282 3162 Fabri
300 3107 327 3172 1,
355 3107 389 3162 99
416 3107 467 3162 sah
496 3107 590 3163 diesen
609 3107 779 3177 elephantes
798 3107 885 3170 auch,
915 3104 1075 3161 besohreibt
1100 3105 1152 3160 ihu
1176 3105 1245 3161 aber

97 3193 177 3252 nieht.
233 3198 250 3249 ‘d
265 3195 368 3250 Derim
378 3193 529 3267 folgenden
540 3194 726 3265 bosproehene
735 3193 816 3264 krieg
825 3193 961 3249 zwisehen
975 3192 1101 3264 Venedig
1114 3193 1171 3248 und
1181 3193 1244 3249 For-

96 3301 157 3338 rara
169 3283 267 3338 warde
286 3301 330 3339 am
350 3283 458 3338 2lldra
476 3284 542 3337 1482
560 3283 676 3338 erkltrt.
713 3281 763 3337 Dio
777 3281 1015 3337 aust'iihrlichsten
1027 3281 1243 3352 gleichzeitigen

98 3371 276 3427 uachrichten
296 3370 364 3426 {lber
381 3371 532 3427 deuselben
558 3370 653 3426 finden
677 3370 734 3426 sich
760 3369 805 3426 bei
823 3369 985 3440 Mslipiero,
1005 3369 1126 3426 Archino
1144 3369 1245 3428 storico

95 3457 218 3516 italiauo.
257 3459 370 3515 Firenze
387 3461 462 3517 1843.
483 3459 546 3524 Vll,
559 3461 642 3529 parte
660 3459 673 3513 1
691 3476 706 3514 e
721 3459 755 3524 ll,
776 3459 834 3513 und
853 3457 898 3513 bei
912 3457 1010 3513 Petrus
1022 3458 1173 3528 Cymaeus,
1192 3459 1246 3513 cle·

95 3546 162 3602 meua
181 3546 348 3610 Aleriennis,
373 3548 470 3603 desem
497 3546 605 3602 bericht
623 3546 777 3611 Muratori,
805 3545 867 3600 Iter.
893 3545 955 3600 ital.
979 3544 1074 3616 script.
1095 3544 1245 3601 Mediolani

97 3633 168 3691 1782
189 3635 265 3698 XXl,
286 3637 353 3692 1198
367 3635 409 3690 bia
424 3636 490 3692 1218
503 3633 732 3705 herausgegebeu
752 3633 810 3689 hat.
839 3633 986 3704 Melipicro
1004 3633 1111 3704 spricht
1130 3633 1193 3688 sehr
1211 3652 1244 3688 nu

97 3725 213 3792 gonetm
234 3723 284 3778 der
297 3722 477 3789 Venetianer,
496 3723 594 3778 Petrus
608 3722 749 3792 Cymaeus
768 3721 845 3776 steht
861 3721 941 3776 mehr
959 3721 1011 3775 auf
1026 3721 1095 3776 scite
1114 3739 1168 3777 von
1181 3720 1245 3775 Fer·

97 3827 167 3867 rere.
205 3811 240 3866 ln
255 3811 483 3882 pilgerschriften
495 3811 588 3867 finden
607 3810 666 3865 sich
685 3827 738 3864 nur
751 3809 836 3865 karae
849 3808 1056 3879 Andautungon
1069 3809 1137 3864 dher
1150 3807 1245 3863 diesen

99 3896 182 3968 brieg,
202 3917 226 3953 c.
242 3899 272 3952 Β.
286 3899 370 3954 Fabri
384 3899 432 3960 111.
445 3900 505 3955 347.
544 3899 606 3968 Vgl.
619 3898 689 3954 noch
703 3897 898 3967 Gregorovius,
917 3897 1015 3953 Gesch.
1033 3897 1060 3951 d.
1073 3897 1151 3951 stadt
1165 3896 1243 3951 Rom.

98 3985 154 4051 VII,
173 3988 227 4046 257
244 3987 273 4042 ff.
293 3987 350 4042 und
363 3987 468 4050 Ouken,
487 3985 563 4056 Aug.
577 3985 745 4056 geschichte.
782 3983 1061 4056 Staateugsechichte
1080 3984 1127 4039 des
1140 3983 1246 4037 abend-

98 4072 193 4130 landes
213 4075 256 4128 im
275 4075 444 4131 blittelalter
462 4093 516 4132 von
536 4075 628 4130 Prata
647 4075 682 4141 ll,
701 4075 752 4132 554
772 4073 798 4128 ff.
818 4091 844 4128 u.
865 4074 916 4130 ‘183
935 4074 963 4130 ff.
1046 4074 1063 4127 3
1081 4070 1214 4126 Hercules
1232 4071 1245 4126 l

96 4161 169 4229 (1471
194 4161 241 4217 bis
262 4163 340 4234 1508)
358 4181 409 4218 uus
428 4163 477 4219 der
496 4163 604 4236 familie
623 4163 688 4218 Este
705 4179 765 4217 war
783 4163 832 4217 der
845 4161 1066 4230 schwiegersohn
1085 4158 1132 4212 des
1145 4157 1246 4228 kdnige

97 4247 255 4304 lordicand
268 4267 321 4306 von
332 4249 440 4321 Neapol
453 4251 511 4305 und
523 4251 573 4306 der
582 4251 725 4319 schwager
737 4248 784 4304 des
794 4247 896 4319 konigs
906 4245 1031 4302 Methian
1043 4243 1177 4299 Corvinus
1188 4261 1243 4300 von

98 4336 221 4408 Ungarn.
263 4337 310 4392 Die
330 4337 499 4394 Venetianer
517 4338 604 4394 sahen
622 4336 720 4393 descen
741 4336 934 4404 Vermthlang
952 4333 1005 4387 mit
1028 4331 1174 4394 llloouora,
1193 4331 1243 4387 der

20 4461 21 4466 κ
96 4423 201 4482 toebter
219 4425 272 4482 de·
285 4424 384 4503 kdnigs
394 4443 447 4482 ron
462 4425 579 4502 Neapcl,
591 4423 654 4487 sehr
667 4441 778 4495 ungero
798 4423 856 4487 und
869 4420 1016 4483 erlsubteu
1036 4417 1093 4481 sich
1107 4417 1244 4482 nielfacbe
