<?xml version="1.0" encoding="UTF-8"?>
<!DOCTYPE html PUBLIC "-//W3C//DTD XHTML 1.0 Transitional//EN"
    "http://www.w3.org/TR/xhtml1/DTD/xhtml1-transitional.dtd">
<html xmlns="http://www.w3.org/1999/xhtml" xml:lang="en" lang="en">
 <head>
  <title>
</title>
<meta http-equiv="Content-Type" content="text/html;charset=utf-8" />
  <meta name='ocr-system' content='tesseract 3.04.00' />
  <meta name='ocr-capabilities' content='ocr_page ocr_carea ocr_par ocr_line ocrx_word'/>
</head>
<body>
  <div class='ocr_page' id='page_1' title='image "./fratrispauliwal01waltgoog_0135.png"; bbox 0 0 3056 4944; ppageno 0'>
   <div class='ocr_carea' id='block_1_1' title="bbox 821 323 884 389">
    <p class='ocr_par' dir='ltr' id='par_1_1' title="bbox 821 323 884 389">
     <span class='ocr_line' id='line_1_1' title="bbox 821 323 884 389; baseline 0.016 -1"><span class='ocrx_word' id='word_1_1' title='bbox 821 323 884 389; x_wconf 84' lang='lat'><strong>114</strong></span> 
     </span>
    </p>
   </div>
   <div class='ocr_carea' id='block_1_2' title="bbox 276 497 1430 3847">
    <p class='ocr_par' dir='ltr' id='par_1_2' title="bbox 276 497 1430 1528">
     <span class='ocr_line' id='line_1_2' title="bbox 276 497 1429 566; baseline 0.002 -3"><span class='ocrx_word' id='word_1_2' title='bbox 276 499 365 565; x_wconf 85' lang='lat' dir='ltr'><strong>venit</strong></span> <span class='ocrx_word' id='word_1_3' title='bbox 380 498 545 565; x_wconf 89' lang='lat' dir='ltr'><strong>Helchana</strong></span> <span class='ocrx_word' id='word_1_4' title='bbox 568 522 638 566; x_wconf 90' lang='lat' dir='ltr'><strong>cum</strong></span> <span class='ocrx_word' id='word_1_5' title='bbox 662 521 760 564; x_wconf 86' lang='lat' dir='ltr'><strong>uxore</strong></span> <span class='ocrx_word' id='word_1_6' title='bbox 783 520 840 562; x_wconf 88' lang='lat' dir='ltr'><strong>sua</strong></span> <span class='ocrx_word' id='word_1_7' title='bbox 862 497 956 562; x_wconf 86' lang='lat' dir='ltr'><strong>Arma</strong></span> <span class='ocrx_word' id='word_1_8' title='bbox 980 499 1017 562; x_wconf 90' lang='lat' dir='ltr'><strong>de</strong></span> <span class='ocrx_word' id='word_1_9' title='bbox 1033 497 1192 564; x_wconf 86' lang='lat' dir='ltr'><strong>Ramatha</strong></span> <span class='ocrx_word' id='word_1_10' title='bbox 1216 499 1248 564; x_wconf 90' lang='lat' dir='ltr'><strong>in</strong></span> <span class='ocrx_word' id='word_1_11' title='bbox 1271 498 1340 564; x_wconf 89' lang='lat' dir='ltr'><strong>Silo</strong></span> <span class='ocrx_word' id='word_1_12' title='bbox 1364 503 1429 565; x_wconf 89' lang='lat' dir='ltr'><strong>sta·</strong></span> 
     </span>
     <span class='ocr_line' id='line_1_3' title="bbox 278 601 1428 687; baseline -0.002 -17"><span class='ocrx_word' id='word_1_13' title='bbox 278 605 358 670; x_wconf 90' lang='lat' dir='ltr'><strong>tutis</strong></span> <span class='ocrx_word' id='word_1_14' title='bbox 380 605 491 670; x_wconf 86' lang='lat' dir='ltr'><strong>diebus</strong></span> <span class='ocrx_word' id='word_1_15' title='bbox 513 605 644 671; x_wconf 89' lang='lat' dir='ltr'><strong>adorare</strong></span> <span class='ocrx_word' id='word_1_16' title='bbox 667 608 700 669; x_wconf 90' lang='lat' dir='ltr'><strong>et</strong></span> <span class='ocrx_word' id='word_1_17' title='bbox 716 601 883 666; x_wconf 88' lang='lat' dir='ltr'><strong>immolare</strong></span> <span class='ocrx_word' id='word_1_18' title='bbox 906 603 1033 667; x_wconf 89' lang='lat' dir='ltr'><strong>domino</strong></span> <span class='ocrx_word' id='word_1_19' title='bbox 1056 604 1090 666; x_wconf 93' lang='lat' dir='ltr'><strong>in</strong></span> <span class='ocrx_word' id='word_1_20' title='bbox 1113 602 1243 687; x_wconf 91' lang='lat' dir='ltr'><strong>templo.</strong></span> <span class='ocrx_word' id='word_1_21' title='bbox 1290 603 1334 668; x_wconf 81' lang='lat' dir='ltr'><strong>Et</strong></span> <span class='ocrx_word' id='word_1_22' title='bbox 1357 625 1428 670; x_wconf 92' lang='lat' dir='ltr'><strong>cum</strong></span> 
     </span>
     <span class='ocr_line' id='line_1_4' title="bbox 279 707 1430 795; baseline 0 -21"><span class='ocrx_word' id='word_1_23' title='bbox 279 709 372 774; x_wconf 79' lang='lat' dir='ltr'><strong>Anna</strong></span> <span class='ocrx_word' id='word_1_24' title='bbox 393 712 568 795; x_wconf 73' lang='lat' dir='ltr'><strong>peperisset</strong></span> <span class='ocrx_word' id='word_1_25' title='bbox 590 708 770 775; x_wconf 79' lang='lat' dir='ltr'><strong>Samuelem</strong></span> <span class='ocrx_word' id='word_1_26' title='bbox 803 713 835 772; x_wconf 87' lang='lat' dir='ltr'><strong>st</strong></span> <span class='ocrx_word' id='word_1_27' title='bbox 858 707 1049 773; x_wconf 82' lang='lat' dir='ltr'><strong>oblectasset</strong></span> <span class='ocrx_word' id='word_1_28' title='bbox 1081 730 1170 789; x_wconf 91' lang='lat' dir='ltr'><strong>eum,</strong></span> <span class='ocrx_word' id='word_1_29' title='bbox 1204 708 1325 774; x_wconf 91' lang='lat' dir='ltr'><strong>obtulit</strong></span> <span class='ocrx_word' id='word_1_30' title='bbox 1358 731 1430 774; x_wconf 87' lang='lat' dir='ltr'><strong>eum</strong></span> 
     </span>
     <span class='ocr_line' id='line_1_5' title="bbox 278 813 1429 900; baseline 0.002 -22"><span class='ocrx_word' id='word_1_31' title='bbox 278 814 362 900; x_wconf 85' lang='lat' dir='ltr'><strong>Hely</strong></span> <span class='ocrx_word' id='word_1_32' title='bbox 384 816 558 892; x_wconf 86' lang='lat' dir='ltr'><strong>sacerdoti,</strong></span> <span class='ocrx_word' id='word_1_33' title='bbox 592 818 629 879; x_wconf 91' lang='lat' dir='ltr'><strong>ut</strong></span> <span class='ocrx_word' id='word_1_34' title='bbox 651 814 786 878; x_wconf 77' lang='lat' dir='ltr'><strong>serviret</strong></span> <span class='ocrx_word' id='word_1_35' title='bbox 817 813 850 876; x_wconf 92' lang='lat' dir='ltr'><strong>in</strong></span> <span class='ocrx_word' id='word_1_36' title='bbox 881 814 1002 898; x_wconf 89' lang='lat' dir='ltr'><strong>templo</strong></span> <span class='ocrx_word' id='word_1_37' title='bbox 1030 813 1150 878; x_wconf 92' lang='lat' dir='ltr'><strong>domini</strong></span> <span class='ocrx_word' id='word_1_38' title='bbox 1172 813 1294 879; x_wconf 87' lang='lat' dir='ltr'><strong>cunctis</strong></span> <span class='ocrx_word' id='word_1_39' title='bbox 1318 815 1429 880; x_wconf 90' lang='lat' dir='ltr'><strong>diebus</strong></span> 
     </span>
     <span class='ocr_line' id='line_1_6' title="bbox 277 918 1428 1003; baseline 0 -19"><span class='ocrx_word' id='word_1_40' title='bbox 277 921 343 984; x_wconf 87' lang='lat' dir='ltr'><strong>vite</strong></span> <span class='ocrx_word' id='word_1_41' title='bbox 364 941 433 998; x_wconf 87' lang='lat' dir='ltr'><strong>sue;</strong></span> <span class='ocrx_word' id='word_1_42' title='bbox 460 927 493 985; x_wconf 87' lang='lat' dir='ltr'><strong>et</strong></span> <span class='ocrx_word' id='word_1_43' title='bbox 515 920 617 985; x_wconf 85' lang='lat' dir='ltr'><strong>factus</strong></span> <span class='ocrx_word' id='word_1_44' title='bbox 641 924 689 983; x_wconf 87' lang='lat' dir='ltr'><strong>est</strong></span> <span class='ocrx_word' id='word_1_45' title='bbox 712 918 872 1003; x_wconf 77' lang='lat' dir='ltr'><strong>prophete</strong></span> <span class='ocrx_word' id='word_1_46' title='bbox 893 926 1022 984; x_wconf 87' lang='lat' dir='ltr'><strong>sanctus</strong></span> <span class='ocrx_word' id='word_1_47' title='bbox 1045 924 1077 984; x_wconf 89' lang='lat' dir='ltr'><strong>et</strong></span> <span class='ocrx_word' id='word_1_48' title='bbox 1098 919 1259 983; x_wconf 85' lang='lat' dir='ltr'><strong>iudicabat</strong></span> <span class='ocrx_word' id='word_1_49' title='bbox 1273 921 1428 1003; x_wconf 90' lang='lat' dir='ltr'><strong>populum</strong></span> 
     </span>
     <span class='ocr_line' id='line_1_7' title="bbox 278 1023 1429 1108; baseline 0.002 -20"><span class='ocrx_word' id='word_1_50' title='bbox 278 1029 310 1089; x_wconf 93' lang='lat' dir='ltr'><strong>et</strong></span> <span class='ocrx_word' id='word_1_51' title='bbox 332 1025 409 1090; x_wconf 83' lang='lat' dir='ltr'><strong>fecit</strong></span> <span class='ocrx_word' id='word_1_52' title='bbox 432 1024 622 1089; x_wconf 84' lang='lat' dir='ltr'><strong>sacrificium</strong></span> <span class='ocrx_word' id='word_1_53' title='bbox 645 1025 677 1088; x_wconf 92' lang='lat' dir='ltr'><strong>in</strong></span> <span class='ocrx_word' id='word_1_54' title='bbox 702 1024 808 1088; x_wconf 89' lang='lat' dir='ltr'><strong>tribus</strong></span> <span class='ocrx_word' id='word_1_55' title='bbox 831 1023 1017 1088; x_wconf 87' lang='lat' dir='ltr'><strong>civitatibus</strong></span> <span class='ocrx_word' id='word_1_56' title='bbox 1040 1024 1095 1090; x_wconf 88' lang='lat' dir='ltr'><strong>acl.</strong></span> <span class='ocrx_word' id='word_1_57' title='bbox 1118 1023 1276 1108; x_wconf 89' lang='lat' dir='ltr'><strong>Masphat,</strong></span> <span class='ocrx_word' id='word_1_58' title='bbox 1303 1023 1429 1106; x_wconf 88' lang='lat' dir='ltr'><strong>Bethel,</strong></span> 
     </span>
     <span class='ocr_line' id='line_1_8' title="bbox 279 1127 1427 1213; baseline 0.003 -21"><span class='ocrx_word' id='word_1_59' title='bbox 279 1150 340 1212; x_wconf 90' lang='lat' dir='ltr'><strong>que</strong></span> <span class='ocrx_word' id='word_1_60' title='bbox 362 1133 410 1192; x_wconf 90' lang='lat' dir='ltr'><strong>est</strong></span> <span class='ocrx_word' id='word_1_61' title='bbox 433 1129 466 1192; x_wconf 93' lang='lat' dir='ltr'><strong>in</strong></span> <span class='ocrx_word' id='word_1_62' title='bbox 490 1127 650 1207; x_wconf 80' lang='lat' dir='ltr'><strong>Samaria,</strong></span> <span class='ocrx_word' id='word_1_63' title='bbox 683 1133 716 1193; x_wconf 91' lang='lat' dir='ltr'><strong>et</strong></span> <span class='ocrx_word' id='word_1_64' title='bbox 746 1128 778 1192; x_wconf 93' lang='lat' dir='ltr'><strong>in</strong></span> <span class='ocrx_word' id='word_1_65' title='bbox 804 1127 940 1212; x_wconf 82' lang='lat' dir='ltr'><strong>Galgala</strong></span> <span class='ocrx_word' id='word_1_66' title='bbox 964 1134 996 1193; x_wconf 91' lang='lat' dir='ltr'><strong>et</strong></span> <span class='ocrx_word' id='word_1_67' title='bbox 1020 1135 1129 1213; x_wconf 87' lang='lat' dir='ltr'><strong>postea</strong></span> <span class='ocrx_word' id='word_1_68' title='bbox 1152 1129 1276 1194; x_wconf 85' lang='lat' dir='ltr'><strong>redibat</strong></span> <span class='ocrx_word' id='word_1_69' title='bbox 1300 1131 1341 1194; x_wconf 87' lang='lat' dir='ltr'><strong>ad</strong></span> <span class='ocrx_word' id='word_1_70' title='bbox 1366 1131 1427 1195; x_wconf 82' lang='lat' dir='ltr'><strong>lta-</strong></span> 
     </span>
     <span class='ocr_line' id='line_1_9' title="bbox 277 1232 1428 1318; baseline 0.002 -20"><span class='ocrx_word' id='word_1_71' title='bbox 277 1233 397 1312; x_wconf 88' lang='lat' dir='ltr'><strong>matha,</strong></span> <span class='ocrx_word' id='word_1_72' title='bbox 420 1238 457 1298; x_wconf 91' lang='lat' dir='ltr'><strong>ut</strong></span> <span class='ocrx_word' id='word_1_73' title='bbox 480 1232 618 1298; x_wconf 87' lang='lat' dir='ltr'><strong>habetur</strong></span> <span class='ocrx_word' id='word_1_74' title='bbox 641 1234 658 1298; x_wconf 93' lang='lat'>1</span> <span class='ocrx_word' id='word_1_75' title='bbox 678 1232 802 1318; x_wconf 81' lang='lat' dir='ltr'><strong>Regum</strong></span> <span class='ocrx_word' id='word_1_76' title='bbox 828 1234 1013 1318; x_wconf 81' lang='lat' dir='ltr'><strong>loapitulo.</strong></span> <span class='ocrx_word' id='word_1_77' title='bbox 1058 1233 1096 1298; x_wconf 92' lang='lat' dir='ltr'><strong>In</strong></span> <span class='ocrx_word' id='word_1_78' title='bbox 1113 1233 1190 1318; x_wconf 77' lang='lat' dir='ltr'><strong>Sylo</strong></span> <span class='ocrx_word' id='word_1_79' title='bbox 1213 1240 1357 1302; x_wconf 88' lang='lat' dir='ltr'><strong>moratus</strong></span> <span class='ocrx_word' id='word_1_80' title='bbox 1380 1242 1428 1301; x_wconf 90' lang='lat' dir='ltr'><strong>est</strong></span> 
     </span>
     <span class='ocr_line' id='line_1_10' title="bbox 278 1338 1430 1423; baseline 0.002 -21"><span class='ocrx_word' id='word_1_81' title='bbox 278 1339 374 1404; x_wconf 88' lang='lat' dir='ltr'><strong>etiam</strong></span> <span class='ocrx_word' id='word_1_82' title='bbox 398 1339 557 1422; x_wconf 87' lang='lat' dir='ltr'><strong>propheta</strong></span> <span class='ocrx_word' id='word_1_83' title='bbox 579 1338 709 1419; x_wconf 84' lang='lat' dir='ltr'><strong>Achias,</strong></span> <span class='ocrx_word' id='word_1_84' title='bbox 734 1341 754 1404; x_wconf 84' lang='lat'><strong>3</strong></span> <span class='ocrx_word' id='word_1_85' title='bbox 779 1338 857 1420; x_wconf 80' lang='lat' dir='ltr'><strong>Reg.</strong></span> <span class='ocrx_word' id='word_1_86' title='bbox 884 1341 923 1403; x_wconf 92' lang='lat'><strong>10</strong></span> <span class='ocrx_word' id='word_1_87' title='bbox 946 1340 1097 1423; x_wconf 89' lang='lat' dir='ltr'><strong>capitulo.</strong></span> <span class='ocrx_word' id='word_1_88' title='bbox 1142 1338 1211 1404; x_wconf 89' lang='lat' dir='ltr'><strong>Nec</strong></span> <span class='ocrx_word' id='word_1_89' title='bbox 1233 1341 1277 1404; x_wconf 88' lang='lat' dir='ltr'><strong>ibi</strong></span> <span class='ocrx_word' id='word_1_90' title='bbox 1302 1341 1430 1406; x_wconf 86' lang='lat' dir='ltr'><strong>videtur</strong></span> 
     </span>
     <span class='ocr_line' id='line_1_11' title="bbox 277 1443 1050 1528; baseline 0.004 -22"><span class='ocrx_word' id='word_1_91' title='bbox 277 1463 344 1507; x_wconf 89' lang='lat' dir='ltr'><strong>esse</strong></span> <span class='ocrx_word' id='word_1_92' title='bbox 366 1444 464 1508; x_wconf 87' lang='lat' dir='ltr'><strong>statio</strong></span> <span class='ocrx_word' id='word_1_93' title='bbox 485 1444 728 1528; x_wconf 84' lang='lat' dir='ltr'><strong>peregrinorum</strong></span> <span class='ocrx_word' id='word_1_94' title='bbox 751 1465 810 1527; x_wconf 89' lang='lat' dir='ltr'><strong>pro</strong></span> <span class='ocrx_word' id='word_1_95' title='bbox 832 1443 1050 1527; x_wconf 85' lang='lat' dir='ltr'><strong>indulgentiis.</strong></span> 
     </span>
    </p>

    <p class='ocr_par' dir='ltr' id='par_1_3' title="bbox 278 1547 1430 3847">
     <span class='ocr_line' id='line_1_12' title="bbox 366 1547 1430 1638; baseline 0.005 -26"><span class='ocrx_word' id='word_1_96' title='bbox 366 1547 409 1613; x_wconf 80' lang='lat' dir='ltr'><strong>lllt</strong></span> <span class='ocrx_word' id='word_1_97' title='bbox 430 1551 532 1614; x_wconf 85' lang='lat' dir='ltr'><strong>altera</strong></span> <span class='ocrx_word' id='word_1_98' title='bbox 560 1550 611 1614; x_wconf 90' lang='lat' dir='ltr'><strong>die</strong></span> <span class='ocrx_word' id='word_1_99' title='bbox 641 1555 713 1633; x_wconf 89' lang='lat' dir='ltr'><strong>post</strong></span> <span class='ocrx_word' id='word_1_100' title='bbox 741 1549 858 1614; x_wconf 79' lang='lat' dir='ltr'><strong>festum</strong></span> <span class='ocrx_word' id='word_1_101' title='bbox 891 1549 981 1614; x_wconf 89' lang='lat' dir='ltr'><strong>beate</strong></span> <span class='ocrx_word' id='word_1_102' title='bbox 1004 1549 1104 1612; x_wconf 86' lang='lat' dir='ltr'><strong>Mario</strong></span> <span class='ocrx_word' id='word_1_103' title='bbox 1128 1547 1337 1632; x_wconf 81' lang='lat' dir='ltr'><strong>Magdalene,</strong></span> <span class='ocrx_word' id='word_1_104' title='bbox 1369 1575 1430 1638; x_wconf 91' lang='lat' dir='ltr'><strong>que</strong></span> 
     </span>
     <span class='ocr_line' id='line_1_13' title="bbox 279 1653 1429 1736; baseline 0.005 -19"><span class='ocrx_word' id='word_1_105' title='bbox 279 1658 348 1718; x_wconf 90' lang='lat' dir='ltr'><strong>erat</strong></span> <span class='ocrx_word' id='word_1_106' title='bbox 381 1655 414 1718; x_wconf 94' lang='lat' dir='ltr'><strong>in</strong></span> <span class='ocrx_word' id='word_1_107' title='bbox 448 1656 498 1720; x_wconf 92' lang='lat' dir='ltr'><strong>die</strong></span> <span class='ocrx_word' id='word_1_108' title='bbox 522 1653 636 1720; x_wconf 90' lang='lat' dir='ltr'><strong>Martis</strong></span> <span class='ocrx_word' id='word_1_109' title='bbox 659 1659 691 1720; x_wconf 91' lang='lat' dir='ltr'><strong>et</strong></span> <span class='ocrx_word' id='word_1_110' title='bbox 714 1657 756 1720; x_wconf 84' lang='lat'><strong>23</strong></span> <span class='ocrx_word' id='word_1_111' title='bbox 779 1655 846 1720; x_wconf 90' lang='lat' dir='ltr'><strong>dies</strong></span> <span class='ocrx_word' id='word_1_112' title='bbox 868 1655 985 1719; x_wconf 82' lang='lat' dir='ltr'><strong>mensis</strong></span> <span class='ocrx_word' id='word_1_113' title='bbox 1008 1653 1105 1736; x_wconf 91' lang='lat' dir='ltr'><strong>Julii,</strong></span> <span class='ocrx_word' id='word_1_114' title='bbox 1143 1657 1286 1720; x_wconf 86' lang='lat' dir='ltr'><strong>venimus</strong></span> <span class='ocrx_word' id='word_1_115' title='bbox 1321 1680 1429 1723; x_wconf 92' lang='lat' dir='ltr'><strong>omnes</strong></span> 
     </span>
     <span class='ocr_line' id='line_1_14' title="bbox 278 1759 1426 1847; baseline 0.003 -24"><span class='ocrx_word' id='word_1_116' title='bbox 278 1781 335 1842; x_wconf 88' lang='lat' dir='ltr'><strong>per</strong></span> <span class='ocrx_word' id='word_1_117' title='bbox 358 1759 407 1824; x_wconf 89' lang='lat' dir='ltr'><strong>dei</strong></span> <span class='ocrx_word' id='word_1_118' title='bbox 423 1761 562 1844; x_wconf 87' lang='lat' dir='ltr'><strong>gratiam</strong></span> <span class='ocrx_word' id='word_1_119' title='bbox 586 1765 618 1826; x_wconf 91' lang='lat' dir='ltr'><strong>et</strong></span> <span class='ocrx_word' id='word_1_120' title='bbox 633 1761 829 1826; x_wconf 84' lang='lat' dir='ltr'><strong>adiutorium</strong></span> <span class='ocrx_word' id='word_1_121' title='bbox 845 1782 995 1845; x_wconf 87' lang='lat' dir='ltr'><strong>prospere</strong></span> <span class='ocrx_word' id='word_1_122' title='bbox 1018 1767 1050 1824; x_wconf 87' lang='lat' dir='ltr'><strong>et</strong></span> <span class='ocrx_word' id='word_1_123' title='bbox 1066 1781 1216 1844; x_wconf 81' lang='lat' dir='ltr'><strong>generose</strong></span> <span class='ocrx_word' id='word_1_124' title='bbox 1232 1783 1334 1847; x_wconf 92' lang='lat' dir='ltr'><strong>prope</strong></span> <span class='ocrx_word' id='word_1_125' title='bbox 1350 1763 1426 1827; x_wconf 87' lang='lat' dir='ltr'><strong>civi-</strong></span> 
     </span>
     <span class='ocr_line' id='line_1_15' title="bbox 279 1865 1428 1952; baseline 0.003 -24"><span class='ocrx_word' id='word_1_126' title='bbox 279 1869 379 1929; x_wconf 88' lang='lat' dir='ltr'><strong>tatem</strong></span> <span class='ocrx_word' id='word_1_127' title='bbox 401 1870 545 1930; x_wconf 86' lang='lat' dir='ltr'><strong>sanctam</strong></span> <span class='ocrx_word' id='word_1_128' title='bbox 561 1865 767 1931; x_wconf 89' lang='lat' dir='ltr'><strong>lherusalem.</strong></span> <span class='ocrx_word' id='word_1_129' title='bbox 815 1866 863 1930; x_wconf 92' lang='lat' dir='ltr'><strong>lbi</strong></span> <span class='ocrx_word' id='word_1_130' title='bbox 883 1866 1112 1932; x_wconf 88' lang='lat' dir='ltr'><strong>descenderunt</strong></span> <span class='ocrx_word' id='word_1_131' title='bbox 1134 1887 1242 1932; x_wconf 91' lang='lat' dir='ltr'><strong>omnes</strong></span> <span class='ocrx_word' id='word_1_132' title='bbox 1265 1869 1428 1952; x_wconf 80' lang='lat' dir='ltr'><strong>peregrini</strong></span> 
     </span>
     <span class='ocr_line' id='line_1_16' title="bbox 279 1970 1429 2056; baseline 0.003 -22"><span class='ocrx_word' id='word_1_133' title='bbox 279 1971 394 2050; x_wconf 85' lang='lat' dir='ltr'><strong>azinos,</strong></span> <span class='ocrx_word' id='word_1_134' title='bbox 416 1971 499 2035; x_wconf 87' lang='lat' dir='ltr'><strong>sicut</strong></span> <span class='ocrx_word' id='word_1_135' title='bbox 522 1977 706 2036; x_wconf 89' lang='lat' dir='ltr'><strong>consuetum</strong></span> <span class='ocrx_word' id='word_1_136' title='bbox 735 1977 793 2036; x_wconf 90' lang='lat' dir='ltr'><strong>est.</strong></span> <span class='ocrx_word' id='word_1_137' title='bbox 839 1970 866 2036; x_wconf 92' lang='grc' dir='ltr'>Ο</span> <span class='ocrx_word' id='word_1_138' title='bbox 890 1977 1010 2056; x_wconf 87' lang='lat' dir='ltr'><strong>quanta</strong></span> <span class='ocrx_word' id='word_1_139' title='bbox 1034 1972 1159 2036; x_wconf 89' lang='lat' dir='ltr'><strong>devotio</strong></span> <span class='ocrx_word' id='word_1_140' title='bbox 1182 1972 1359 2037; x_wconf 81' lang='lat' dir='ltr'><strong>christiane</strong></span> <span class='ocrx_word' id='word_1_141' title='bbox 1381 1996 1429 2037; x_wconf 86' lang='lat' dir='ltr'><strong>re·</strong></span> 
     </span>
     <span class='ocr_line' id='line_1_17' title="bbox 278 2075 1429 2164; baseline 0.002 -26"><span class='ocrx_word' id='word_1_142' title='bbox 278 2075 408 2159; x_wconf 82' lang='lat' dir='ltr'><strong>ligionis</strong></span> <span class='ocrx_word' id='word_1_143' title='bbox 432 2081 509 2140; x_wconf 90' lang='lat' dir='ltr'><strong>tunc</strong></span> <span class='ocrx_word' id='word_1_144' title='bbox 531 2079 692 2162; x_wconf 86' lang='lat' dir='ltr'><strong>apparuit,</strong></span> <span class='ocrx_word' id='word_1_145' title='bbox 716 2080 842 2164; x_wconf 90' lang='lat' dir='ltr'><strong>quando</strong></span> <span class='ocrx_word' id='word_1_146' title='bbox 866 2079 1025 2162; x_wconf 79' lang='lat' dir='ltr'><strong>principes</strong></span> <span class='ocrx_word' id='word_1_147' title='bbox 1048 2077 1273 2157; x_wconf 86' lang='lat' dir='ltr'><strong>illustrissimi,</strong></span> <span class='ocrx_word' id='word_1_148' title='bbox 1296 2079 1429 2143; x_wconf 87' lang='lat' dir='ltr'><strong>comites</strong></span> 
     </span>
     <span class='ocr_line' id='line_1_18' title="bbox 279 2182 1429 2265; baseline 0.003 -22"><span class='ocrx_word' id='word_1_149' title='bbox 279 2182 436 2265; x_wconf 81' lang='lat' dir='ltr'><strong>generosi,</strong></span> <span class='ocrx_word' id='word_1_150' title='bbox 463 2183 596 2248; x_wconf 88' lang='lat' dir='ltr'><strong>barones</strong></span> <span class='ocrx_word' id='word_1_151' title='bbox 620 2183 737 2264; x_wconf 90' lang='lat' dir='ltr'><strong>inoliti,</strong></span> <span class='ocrx_word' id='word_1_152' title='bbox 760 2185 881 2250; x_wconf 91' lang='lat' dir='ltr'><strong>milites</strong></span> <span class='ocrx_word' id='word_1_153' title='bbox 903 2185 1024 2249; x_wconf 89' lang='lat' dir='ltr'><strong>strenui</strong></span> <span class='ocrx_word' id='word_1_154' title='bbox 1056 2205 1092 2248; x_wconf 89' lang='lat' dir='ltr'><strong>ac</strong></span> <span class='ocrx_word' id='word_1_155' title='bbox 1115 2183 1209 2248; x_wconf 90' lang='lat' dir='ltr'><strong>multi</strong></span> <span class='ocrx_word' id='word_1_156' title='bbox 1232 2183 1359 2248; x_wconf 89' lang='lat' dir='ltr'><strong>nobiles</strong></span> <span class='ocrx_word' id='word_1_157' title='bbox 1382 2184 1429 2248; x_wconf 88' lang='lat' dir='ltr'><strong>fa·</strong></span> 
     </span>
     <span class='ocr_line' id='line_1_19' title="bbox 280 2285 1429 2375; baseline 0.003 -25"><span class='ocrx_word' id='word_1_158' title='bbox 280 2285 359 2350; x_wconf 87' lang='lat' dir='ltr'><strong>mosi</strong></span> <span class='ocrx_word' id='word_1_159' title='bbox 386 2307 458 2351; x_wconf 90' lang='lat' dir='ltr'><strong>cum</strong></span> <span class='ocrx_word' id='word_1_160' title='bbox 480 2287 554 2352; x_wconf 90' lang='lat' dir='ltr'><strong>aliis</strong></span> <span class='ocrx_word' id='word_1_161' title='bbox 576 2289 725 2373; x_wconf 90' lang='lat' dir='ltr'><strong>plurimis</strong></span> <span class='ocrx_word' id='word_1_162' title='bbox 748 2293 901 2374; x_wconf 86' lang='lat' dir='ltr'><strong>personis,</strong></span> <span class='ocrx_word' id='word_1_163' title='bbox 925 2292 1117 2375; x_wconf 78' lang='lat' dir='ltr'><strong>plusquam</strong></span> <span class='ocrx_word' id='word_1_164' title='bbox 1140 2289 1283 2355; x_wconf 90' lang='lat' dir='ltr'><strong>ducentis</strong></span> <span class='ocrx_word' id='word_1_165' title='bbox 1301 2290 1323 2370; x_wconf 85' lang='lat'><strong>¹,</strong></span> <span class='ocrx_word' id='word_1_166' title='bbox 1356 2291 1429 2354; x_wconf 89' lang='lat' dir='ltr'><strong>reli·</strong></span> 
     </span>
     <span class='ocr_line' id='line_1_20' title="bbox 279 2390 1430 2480; baseline 0.004 -27"><span class='ocrx_word' id='word_1_167' title='bbox 279 2390 379 2476; x_wconf 80' lang='lat' dir='ltr'><strong>giosis</strong></span> <span class='ocrx_word' id='word_1_168' title='bbox 415 2397 447 2456; x_wconf 89' lang='lat' dir='ltr'><strong>et</strong></span> <span class='ocrx_word' id='word_1_169' title='bbox 469 2394 683 2476; x_wconf 86' lang='lat' dir='ltr'><strong>secularibus,</strong></span> <span class='ocrx_word' id='word_1_170' title='bbox 716 2396 882 2460; x_wconf 88' lang='lat' dir='ltr'><strong>humiliter</strong></span> <span class='ocrx_word' id='word_1_171' title='bbox 905 2397 1133 2480; x_wconf 87' lang='lat' dir='ltr'><strong>pedideverunt</strong></span> <span class='ocrx_word' id='word_1_172' title='bbox 1156 2403 1187 2458; x_wconf 88' lang='lat' dir='ltr'><strong>et</strong></span> <span class='ocrx_word' id='word_1_173' title='bbox 1211 2415 1280 2459; x_wconf 88' lang='lat' dir='ltr'><strong>curn</strong></span> <span class='ocrx_word' id='word_1_174' title='bbox 1306 2415 1430 2459; x_wconf 86' lang='lat' dir='ltr'><strong>summo</strong></span> 
     </span>
     <span class='ocr_line' id='line_1_21' title="bbox 280 2495 1429 2586; baseline 0.003 -27"><span class='ocrx_word' id='word_1_175' title='bbox 280 2495 396 2561; x_wconf 84' lang='lat' dir='ltr'><strong>affectu</strong></span> <span class='ocrx_word' id='word_1_176' title='bbox 411 2497 534 2562; x_wconf 84' lang='lat' dir='ltr'><strong>civitati</strong></span> <span class='ocrx_word' id='word_1_177' title='bbox 550 2506 658 2564; x_wconf 88' lang='lat' dir='ltr'><strong>sancte</strong></span> <span class='ocrx_word' id='word_1_178' title='bbox 673 2501 824 2566; x_wconf 85' lang='lat' dir='ltr'><strong>velociter</strong></span> <span class='ocrx_word' id='word_1_179' title='bbox 840 2501 1194 2586; x_wconf 84' lang='lat' dir='ltr'><strong>appropinquaverunt!</strong></span> <span class='ocrx_word' id='word_1_180' title='bbox 1219 2499 1260 2564; x_wconf 79' lang='lat' dir='ltr'><strong>Et</strong></span> <span class='ocrx_word' id='word_1_181' title='bbox 1280 2499 1429 2564; x_wconf 90' lang='lat' dir='ltr'><strong>contritis</strong></span> 
     </span>
     <span class='ocr_line' id='line_1_22' title="bbox 280 2601 1427 2688; baseline 0.003 -25"><span class='ocrx_word' id='word_1_182' title='bbox 280 2601 428 2665; x_wconf 90' lang='lat' dir='ltr'><strong>cordibus</strong></span> <span class='ocrx_word' id='word_1_183' title='bbox 451 2605 483 2665; x_wconf 88' lang='lat' dir='ltr'><strong>et</strong></span> <span class='ocrx_word' id='word_1_184' title='bbox 499 2601 649 2668; x_wconf 82' lang='lat' dir='ltr'><strong>confessis</strong></span> <span class='ocrx_word' id='word_1_185' title='bbox 673 2607 811 2688; x_wconf 86' lang='lat' dir='ltr'><strong>peccatis</strong></span> <span class='ocrx_word' id='word_1_186' title='bbox 834 2611 867 2670; x_wconf 90' lang='lat' dir='ltr'><strong>et</strong></span> <span class='ocrx_word' id='word_1_187' title='bbox 887 2605 1126 2670; x_wconf 84' lang='lat' dir='ltr'><strong>ferventissimis</strong></span> <span class='ocrx_word' id='word_1_188' title='bbox 1142 2604 1304 2669; x_wconf 88' lang='lat' dir='ltr'><strong>desideriis</strong></span> <span class='ocrx_word' id='word_1_189' title='bbox 1322 2605 1427 2669; x_wconf 87' lang='lat' dir='ltr'><strong>anime</strong></span> 
     </span>
     <span class='ocr_line' id='line_1_23' title="bbox 280 2709 1428 2794; baseline 0.003 -26"><span class='ocrx_word' id='word_1_190' title='bbox 280 2709 442 2769; x_wconf 87' lang='lat' dir='ltr'><strong>estuantes</strong></span> <span class='ocrx_word' id='word_1_191' title='bbox 463 2711 605 2790; x_wconf 83' lang='lat' dir='ltr'><strong>optatam</strong></span> <span class='ocrx_word' id='word_1_192' title='bbox 629 2711 682 2775; x_wconf 94' lang='lat' dir='ltr'><strong>diu</strong></span> <span class='ocrx_word' id='word_1_193' title='bbox 708 2717 835 2794; x_wconf 87' lang='lat' dir='ltr'><strong>portam</strong></span> <span class='ocrx_word' id='word_1_194' title='bbox 858 2711 969 2776; x_wconf 88' lang='lat' dir='ltr'><strong>salutis</strong></span> <span class='ocrx_word' id='word_1_195' title='bbox 991 2733 1062 2777; x_wconf 89' lang='lat' dir='ltr'><strong>cnm</strong></span> <span class='ocrx_word' id='word_1_196' title='bbox 1086 2710 1212 2794; x_wconf 84' lang='lat' dir='ltr'><strong>magnis</strong></span> <span class='ocrx_word' id='word_1_197' title='bbox 1227 2709 1374 2792; x_wconf 85' lang='lat' dir='ltr'><strong>suspiriis</strong></span> <span class='ocrx_word' id='word_1_198' title='bbox 1397 2716 1428 2773; x_wconf 88' lang='lat' dir='ltr'><strong>et</strong></span> 
     </span>
     <span class='ocr_line' id='line_1_24' title="bbox 280 2810 1428 2898; baseline 0.003 -25"><span class='ocrx_word' id='word_1_199' title='bbox 280 2810 420 2875; x_wconf 82' lang='lat' dir='ltr'><strong>lacrimis</strong></span> <span class='ocrx_word' id='word_1_200' title='bbox 443 2812 528 2877; x_wconf 87' lang='lat' dir='ltr'><strong>infra</strong></span> <span class='ocrx_word' id='word_1_201' title='bbox 550 2815 686 2898; x_wconf 90' lang='lat' dir='ltr'><strong>primam</strong></span> <span class='ocrx_word' id='word_1_202' title='bbox 710 2823 742 2882; x_wconf 90' lang='lat' dir='ltr'><strong>et</strong></span> <span class='ocrx_word' id='word_1_203' title='bbox 761 2819 928 2883; x_wconf 90' lang='lat' dir='ltr'><strong>secundam</strong></span> <span class='ocrx_word' id='word_1_204' title='bbox 952 2816 1061 2882; x_wconf 89' lang='lat' dir='ltr'><strong>horam</strong></span> <span class='ocrx_word' id='word_1_205' title='bbox 1079 2813 1216 2880; x_wconf 88' lang='lat' dir='ltr'><strong>eiusdem</strong></span> <span class='ocrx_word' id='word_1_206' title='bbox 1239 2815 1302 2879; x_wconf 92' lang='lat' dir='ltr'><strong>diei</strong></span> <span class='ocrx_word' id='word_1_207' title='bbox 1326 2815 1428 2877; x_wconf 85' lang='lat' dir='ltr'><strong>intre-</strong></span> 
     </span>
     <span class='ocr_line' id='line_1_25' title="bbox 280 2917 1425 3004; baseline 0.004 -27"><span class='ocrx_word' id='word_1_208' title='bbox 280 2919 404 2982; x_wconf 85' lang='lat' dir='ltr'><strong>verunt.</strong></span> <span class='ocrx_word' id='word_1_209' title='bbox 450 2917 492 2982; x_wconf 85' lang='lat' dir='ltr'><strong>Et</strong></span> <span class='ocrx_word' id='word_1_210' title='bbox 515 2921 586 3004; x_wconf 90' lang='lat' dir='ltr'><strong>quis</strong></span> <span class='ocrx_word' id='word_1_211' title='bbox 602 2921 750 2987; x_wconf 88' lang='lat' dir='ltr'><strong>estimare</strong></span> <span class='ocrx_word' id='word_1_212' title='bbox 773 2927 829 2988; x_wconf 88' lang='lat' dir='ltr'><strong>eut</strong></span> <span class='ocrx_word' id='word_1_213' title='bbox 845 2922 967 2987; x_wconf 88' lang='lat' dir='ltr'><strong>calanro</strong></span> <span class='ocrx_word' id='word_1_214' title='bbox 990 2942 1118 2986; x_wconf 86' lang='lat' dir='ltr'><strong>exarare</strong></span> <span class='ocrx_word' id='word_1_215' title='bbox 1134 2919 1301 3003; x_wconf 88' lang='lat' dir='ltr'><strong>potuisset,</strong></span> <span class='ocrx_word' id='word_1_216' title='bbox 1326 2941 1425 3004; x_wconf 88' lang='lat' dir='ltr'><strong>quan-</strong></span> 
     </span>
     <span class='ocr_line' id='line_1_26' title="bbox 279 3021 1427 3109; baseline 0.002 -25"><span class='ocrx_word' id='word_1_217' title='bbox 279 3025 346 3085; x_wconf 90' lang='lat' dir='ltr'><strong>tum</strong></span> <span class='ocrx_word' id='word_1_218' title='bbox 372 3021 521 3088; x_wconf 84' lang='lat' dir='ltr'><strong>affectum</strong></span> <span class='ocrx_word' id='word_1_219' title='bbox 544 3026 646 3091; x_wconf 91' lang='lat' dir='ltr'><strong>cordis</strong></span> <span class='ocrx_word' id='word_1_220' title='bbox 669 3033 701 3091; x_wconf 89' lang='lat' dir='ltr'><strong>et</strong></span> <span class='ocrx_word' id='word_1_221' title='bbox 724 3027 913 3092; x_wconf 87' lang='lat' dir='ltr'><strong>desidorium</strong></span> <span class='ocrx_word' id='word_1_222' title='bbox 937 3027 1050 3090; x_wconf 84' lang='lat' dir='ltr'><strong>mentis</strong></span> <span class='ocrx_word' id='word_1_223' title='bbox 1074 3027 1105 3090; x_wconf 92' lang='lat' dir='ltr'><strong>in</strong></span> <span class='ocrx_word' id='word_1_224' title='bbox 1130 3024 1248 3108; x_wconf 82' lang='lat' dir='ltr'><strong>signis,</strong></span> <span class='ocrx_word' id='word_1_225' title='bbox 1273 3025 1427 3109; x_wconf 79' lang='lat' dir='ltr'><strong>gestibus,</strong></span> 
     </span>
     <span class='ocr_line' id='line_1_27' title="bbox 279 3127 1427 3214; baseline 0.001 -24"><span class='ocrx_word' id='word_1_226' title='bbox 279 3127 474 3210; x_wconf 78' lang='lat' dir='ltr'><strong>singultibus</strong></span> <span class='ocrx_word' id='word_1_227' title='bbox 507 3134 539 3194; x_wconf 88' lang='lat' dir='ltr'><strong>et</strong></span> <span class='ocrx_word' id='word_1_228' title='bbox 570 3131 744 3214; x_wconf 77' lang='lat' dir='ltr'><strong>gemitibus</strong></span> <span class='ocrx_word' id='word_1_229' title='bbox 775 3129 922 3194; x_wconf 91' lang='lat' dir='ltr'><strong>nonnulli</strong></span> <span class='ocrx_word' id='word_1_230' title='bbox 950 3131 1176 3194; x_wconf 85' lang='lat' dir='ltr'><strong>ostenderunt!</strong></span> <span class='ocrx_word' id='word_1_231' title='bbox 1218 3127 1299 3193; x_wconf 88' lang='lat' dir='ltr'><strong>Nam</strong></span> <span class='ocrx_word' id='word_1_232' title='bbox 1325 3129 1427 3213; x_wconf 88' lang='lat' dir='ltr'><strong>primo</strong></span> 
     </span>
     <span class='ocr_line' id='line_1_28' title="bbox 280 3233 1425 3320; baseline 0.001 -24"><span class='ocrx_word' id='word_1_233' title='bbox 280 3233 426 3298; x_wconf 91' lang='lat' dir='ltr'><strong>omnibus</strong></span> <span class='ocrx_word' id='word_1_234' title='bbox 449 3236 627 3318; x_wconf 88' lang='lat' dir='ltr'><strong>expositum</strong></span> <span class='ocrx_word' id='word_1_235' title='bbox 649 3235 721 3315; x_wconf 84' lang='lat' dir='ltr'><strong>fuit,</strong></span> <span class='ocrx_word' id='word_1_236' title='bbox 745 3237 828 3320; x_wconf 91' lang='lat' dir='ltr'><strong>quod</strong></span> <span class='ocrx_word' id='word_1_237' title='bbox 851 3237 890 3301; x_wconf 86' lang='lat' dir='ltr'><strong>ad</strong></span> <span class='ocrx_word' id='word_1_238' title='bbox 913 3236 1053 3320; x_wconf 89' lang='lat' dir='ltr'><strong>primum</strong></span> <span class='ocrx_word' id='word_1_239' title='bbox 1069 3235 1240 3300; x_wconf 88' lang='lat' dir='ltr'><strong>introitum</strong></span> <span class='ocrx_word' id='word_1_240' title='bbox 1265 3242 1358 3318; x_wconf 92' lang='lat' dir='ltr'><strong>porte</strong></span> <span class='ocrx_word' id='word_1_241' title='bbox 1382 3234 1425 3298; x_wconf 90' lang='lat' dir='ltr'><strong>ci·</strong></span> 
     </span>
     <span class='ocr_line' id='line_1_29' title="bbox 279 3337 1427 3424; baseline 0.003 -24"><span class='ocrx_word' id='word_1_242' title='bbox 279 3337 389 3401; x_wconf 87' lang='lat' dir='ltr'><strong>vitatis</strong></span> <span class='ocrx_word' id='word_1_243' title='bbox 410 3361 519 3404; x_wconf 90' lang='lat' dir='ltr'><strong>omues</strong></span> <span class='ocrx_word' id='word_1_244' title='bbox 541 3340 718 3424; x_wconf 84' lang='lat' dir='ltr'><strong>peregrini,</strong></span> <span class='ocrx_word' id='word_1_245' title='bbox 750 3339 884 3406; x_wconf 89' lang='lat' dir='ltr'><strong>confessi</strong></span> <span class='ocrx_word' id='word_1_246' title='bbox 915 3345 948 3404; x_wconf 90' lang='lat' dir='ltr'><strong>et</strong></span> <span class='ocrx_word' id='word_1_247' title='bbox 970 3340 1101 3404; x_wconf 90' lang='lat' dir='ltr'><strong>contriti</strong></span> <span class='ocrx_word' id='word_1_248' title='bbox 1133 3341 1171 3404; x_wconf 91' lang='lat' dir='ltr'><strong>de</strong></span> <span class='ocrx_word' id='word_1_249' title='bbox 1193 3341 1258 3403; x_wconf 87' lang='lat' dir='ltr'><strong>suis</strong></span> <span class='ocrx_word' id='word_1_250' title='bbox 1281 3340 1427 3423; x_wconf 87' lang='lat' dir='ltr'><strong>peccatis,</strong></span> 
     </span>
     <span class='ocr_line' id='line_1_30' title="bbox 281 3443 1426 3528; baseline 0 -22"><span class='ocrx_word' id='word_1_251' title='bbox 281 3444 441 3528; x_wconf 85' lang='lat' dir='ltr'><strong>accipiunt</strong></span> <span class='ocrx_word' id='word_1_252' title='bbox 457 3453 489 3510; x_wconf 92' lang='lat' dir='ltr'><strong>et</strong></span> <span class='ocrx_word' id='word_1_253' title='bbox 505 3445 623 3510; x_wconf 87' lang='lat' dir='ltr'><strong>habent</strong></span> <span class='ocrx_word' id='word_1_254' title='bbox 634 3447 882 3512; x_wconf 83' lang='lat' dir='ltr'><strong>misericorditer</strong></span> <span class='ocrx_word' id='word_1_255' title='bbox 899 3445 1057 3510; x_wconf 90' lang='lat' dir='ltr'><strong>adomino</strong></span> <span class='ocrx_word' id='word_1_256' title='bbox 1074 3449 1184 3510; x_wconf 90' lang='lat' dir='ltr'><strong>nostro</strong></span> <span class='ocrx_word' id='word_1_257' title='bbox 1195 3443 1290 3509; x_wconf 88' lang='lat' dir='ltr'><strong>lhesu</strong></span> <span class='ocrx_word' id='word_1_258' title='bbox 1301 3443 1426 3508; x_wconf 86' lang='lat' dir='ltr'><strong>Christo</strong></span> 
     </span>
     <span class='ocr_line' id='line_1_31' title="bbox 281 3550 1425 3635; baseline 0.001 -23"><span class='ocrx_word' id='word_1_259' title='bbox 281 3552 314 3612; x_wconf 90' lang='lat' dir='ltr'><strong>et</strong></span> <span class='ocrx_word' id='word_1_260' title='bbox 336 3571 355 3614; x_wconf 84' lang='lat' dir='ltr'><strong>a</strong></span> <span class='ocrx_word' id='word_1_261' title='bbox 377 3551 449 3614; x_wconf 86' lang='lat' dir='ltr'><strong>sede</strong></span> <span class='ocrx_word' id='word_1_262' title='bbox 470 3551 644 3634; x_wconf 87' lang='lat' dir='ltr'><strong>apostolica</strong></span> <span class='ocrx_word' id='word_1_263' title='bbox 666 3553 884 3616; x_wconf 87' lang='lat' dir='ltr'><strong>confirmatam</strong></span> <span class='ocrx_word' id='word_1_264' title='bbox 915 3551 1091 3635; x_wconf 81' lang='lat' dir='ltr'><strong>plenariam</strong></span> <span class='ocrx_word' id='word_1_265' title='bbox 1118 3550 1336 3615; x_wconf 90' lang='lat' dir='ltr'><strong>remissionem</strong></span> <span class='ocrx_word' id='word_1_266' title='bbox 1358 3571 1425 3614; x_wconf 92' lang='lat' dir='ltr'><strong>om·</strong></span> 
     </span>
     <span class='ocr_line' id='line_1_32' title="bbox 280 3653 1426 3741; baseline -0.001 -24"><span class='ocrx_word' id='word_1_267' title='bbox 280 3653 368 3718; x_wconf 93' lang='lat' dir='ltr'><strong>nium</strong></span> <span class='ocrx_word' id='word_1_268' title='bbox 391 3662 591 3738; x_wconf 88' lang='lat' dir='ltr'><strong>peccatorum</strong></span> <span class='ocrx_word' id='word_1_269' title='bbox 626 3663 659 3721; x_wconf 88' lang='lat' dir='ltr'><strong>et</strong></span> <span class='ocrx_word' id='word_1_270' title='bbox 686 3679 849 3741; x_wconf 89' lang='lat' dir='ltr'><strong>penarum.</strong></span> <span class='ocrx_word' id='word_1_271' title='bbox 897 3658 938 3722; x_wconf 84' lang='lat' dir='ltr'><strong>Et</strong></span> <span class='ocrx_word' id='word_1_272' title='bbox 971 3662 1044 3741; x_wconf 89' lang='lat' dir='ltr'><strong>post</strong></span> <span class='ocrx_word' id='word_1_273' title='bbox 1076 3657 1257 3741; x_wconf 85' lang='lat' dir='ltr'><strong>ingressum</strong></span> <span class='ocrx_word' id='word_1_274' title='bbox 1290 3653 1426 3719; x_wconf 85' lang='lat' dir='ltr'><strong>civitatis</strong></span> 
     </span>
     <span class='ocr_line' id='line_1_33' title="bbox 281 3758 1425 3847; baseline 0 -24"><span class='ocrx_word' id='word_1_275' title='bbox 281 3758 477 3824; x_wconf 89' lang='lat' dir='ltr'><strong>ducebantur</strong></span> <span class='ocrx_word' id='word_1_276' title='bbox 499 3763 672 3847; x_wconf 88' lang='lat' dir='ltr'><strong>peregrini,</strong></span> <span class='ocrx_word' id='word_1_277' title='bbox 696 3768 728 3827; x_wconf 90' lang='lat' dir='ltr'><strong>et</strong></span> <span class='ocrx_word' id='word_1_278' title='bbox 750 3763 961 3828; x_wconf 90' lang='lat' dir='ltr'><strong>communiter</strong></span> <span class='ocrx_word' id='word_1_279' title='bbox 981 3763 1149 3842; x_wconf 90' lang='lat' dir='ltr'><strong>ducuntur,</strong></span> <span class='ocrx_word' id='word_1_280' title='bbox 1172 3761 1199 3826; x_wconf 86' lang='lat' dir='ltr'><strong>ai</strong></span> <span class='ocrx_word' id='word_1_281' title='bbox 1224 3759 1319 3826; x_wconf 89' lang='lat' dir='ltr'><strong>multi</strong></span> <span class='ocrx_word' id='word_1_282' title='bbox 1342 3763 1425 3838; x_wconf 88' lang='lat' dir='ltr'><strong>sunt,</strong></span> 
     </span>
    </p>
   </div>
   <div class='ocr_carea' id='block_1_3' title="bbox 280 3896 1426 4476">
    <p class='ocr_par' dir='ltr' id='par_1_4' title="bbox 846 3896 865 3932">
     <span class='ocr_line' id='line_1_34' title="bbox 846 3896 865 3932; baseline 0 0"><span class='ocrx_word' id='word_1_283' title='bbox 846 3896 865 3932; x_wconf 67' lang='lat' dir='ltr'><strong>a</strong></span> 
     </span>
    </p>

    <p class='ocr_par' dir='ltr' id='par_1_5' title="bbox 280 3965 1426 4476">
     <span class='ocr_line' id='line_1_35' title="bbox 353 3965 1426 4039; baseline -0.002 -19"><span class='ocrx_word' id='word_1_284' title='bbox 353 3967 366 4021; x_wconf 94' lang='lat'>1</span> <span class='ocrx_word' id='word_1_285' title='bbox 388 3965 467 4022; x_wconf 88' lang='lat' dir='ltr'><strong>Diese</strong></span> <span class='ocrx_word' id='word_1_286' title='bbox 485 3967 698 4038; x_wconf 77' lang='lat' dir='ltr'><strong>aahlenangabe</strong></span> <span class='ocrx_word' id='word_1_287' title='bbox 726 3969 796 4024; x_wconf 75' lang='lat' dir='ltr'><strong>ltsst</strong></span> <span class='ocrx_word' id='word_1_288' title='bbox 814 3987 965 4036; x_wconf 88' lang='lat' dir='ltr'><strong>ermessen,</strong></span> <span class='ocrx_word' id='word_1_289' title='bbox 993 3969 1044 4024; x_wconf 81' lang='lat' dir='ltr'><strong>wie</strong></span> <span class='ocrx_word' id='word_1_290' title='bbox 1063 3965 1134 4039; x_wconf 77' lang='lat' dir='ltr'><strong>grob</strong></span> <span class='ocrx_word' id='word_1_291' title='bbox 1155 3967 1265 4024; x_wconf 78' lang='lat' dir='ltr'><strong>damula</strong></span> <span class='ocrx_word' id='word_1_292' title='bbox 1285 3970 1359 4024; x_wconf 76' lang='lat' dir='ltr'><strong>trote</strong></span> <span class='ocrx_word' id='word_1_293' title='bbox 1378 3967 1426 4021; x_wconf 91' lang='lat' dir='ltr'><strong>der</strong></span> 
     </span>
     <span class='ocr_line' id='line_1_36' title="bbox 281 4053 1426 4127; baseline -0.001 -19"><span class='ocrx_word' id='word_1_294' title='bbox 281 4053 372 4109; x_wconf 83' lang='lat' dir='ltr'><strong>vielen</strong></span> <span class='ocrx_word' id='word_1_295' title='bbox 389 4055 501 4120; x_wconf 81' lang='lat' dir='ltr'><strong>mdhen,</strong></span> <span class='ocrx_word' id='word_1_296' title='bbox 521 4055 716 4112; x_wconf 84' lang='lat' dir='ltr'><strong>beschwerden</strong></span> <span class='ocrx_word' id='word_1_297' title='bbox 734 4057 791 4113; x_wconf 89' lang='lat' dir='ltr'><strong>und</strong></span> <span class='ocrx_word' id='word_1_298' title='bbox 809 4058 944 4127; x_wconf 79' lang='lat' dir='ltr'><strong>gelehron</strong></span> <span class='ocrx_word' id='word_1_299' title='bbox 962 4059 1007 4114; x_wconf 88' lang='lat' dir='ltr'><strong>die</strong></span> <span class='ocrx_word' id='word_1_300' title='bbox 1027 4057 1182 4113; x_wconf 88' lang='lat' dir='ltr'><strong>teilnahme</strong></span> <span class='ocrx_word' id='word_1_301' title='bbox 1202 4075 1239 4112; x_wconf 86' lang='lat' dir='ltr'><strong>an</strong></span> <span class='ocrx_word' id='word_1_302' title='bbox 1257 4057 1312 4112; x_wconf 91' lang='lat' dir='ltr'><strong>den</strong></span> <span class='ocrx_word' id='word_1_303' title='bbox 1325 4057 1426 4126; x_wconf 82' lang='lat' dir='ltr'><strong>pilger-</strong></span> 
     </span>
     <span class='ocr_line' id='line_1_37' title="bbox 281 4142 1425 4216; baseline -0.001 -20"><span class='ocrx_word' id='word_1_304' title='bbox 281 4147 370 4211; x_wconf 81' lang='lat' dir='ltr'><strong>attgen</strong></span> <span class='ocrx_word' id='word_1_305' title='bbox 388 4159 456 4197; x_wconf 82' lang='lat' dir='ltr'><strong>war.</strong></span> <span class='ocrx_word' id='word_1_306' title='bbox 492 4142 590 4198; x_wconf 82' lang='lat' dir='ltr'><strong>Leider</strong></span> <span class='ocrx_word' id='word_1_307' title='bbox 609 4143 672 4199; x_wconf 87' lang='lat' dir='ltr'><strong>sind</strong></span> <span class='ocrx_word' id='word_1_308' title='bbox 686 4145 829 4216; x_wconf 81' lang='lat' dir='ltr'><strong>derartige</strong></span> <span class='ocrx_word' id='word_1_309' title='bbox 842 4147 972 4216; x_wconf 83' lang='lat' dir='ltr'><strong>angeben</strong></span> <span class='ocrx_word' id='word_1_310' title='bbox 993 4147 1060 4201; x_wconf 78' lang='lat' dir='ltr'><strong>iiber</strong></span> <span class='ocrx_word' id='word_1_311' title='bbox 1079 4145 1124 4199; x_wconf 88' lang='lat' dir='ltr'><strong>die</strong></span> <span class='ocrx_word' id='word_1_312' title='bbox 1150 4144 1251 4199; x_wconf 85' lang='lat' dir='ltr'><strong>anzahl</strong></span> <span class='ocrx_word' id='word_1_313' title='bbox 1265 4144 1425 4199; x_wconf 79' lang='lat' dir='ltr'><strong>stmtlicher</strong></span> 
     </span>
     <span class='ocr_line' id='line_1_38' title="bbox 280 4227 1423 4302; baseline -0.001 -19"><span class='ocrx_word' id='word_1_314' title='bbox 280 4229 373 4300; x_wconf 75' lang='lat' dir='ltr'><strong>pilger</strong></span> <span class='ocrx_word' id='word_1_315' title='bbox 386 4229 501 4286; x_wconf 76' lang='lat' dir='ltr'><strong>tutaret</strong></span> <span class='ocrx_word' id='word_1_316' title='bbox 514 4231 611 4296; x_wconf 88' lang='lat' dir='ltr'><strong>salter,</strong></span> <span class='ocrx_word' id='word_1_317' title='bbox 630 4231 688 4286; x_wconf 90' lang='lat' dir='ltr'><strong>und</strong></span> <span class='ocrx_word' id='word_1_318' title='bbox 699 4231 848 4302; x_wconf 82' lang='lat' dir='ltr'><strong>bogutigsn</strong></span> <span class='ocrx_word' id='word_1_319' title='bbox 867 4233 926 4288; x_wconf 87' lang='lat' dir='ltr'><strong>sich</strong></span> <span class='ocrx_word' id='word_1_320' title='bbox 945 4233 990 4288; x_wconf 90' lang='lat' dir='ltr'><strong>die</strong></span> <span class='ocrx_word' id='word_1_321' title='bbox 1001 4232 1219 4302; x_wconf 82' lang='lat' dir='ltr'><strong>pilgerberichto</strong></span> <span class='ocrx_word' id='word_1_322' title='bbox 1237 4231 1268 4286; x_wconf 87' lang='lat' dir='ltr'><strong>in</strong></span> <span class='ocrx_word' id='word_1_323' title='bbox 1288 4231 1338 4287; x_wconf 88' lang='lat' dir='ltr'><strong>der</strong></span> <span class='ocrx_word' id='word_1_324' title='bbox 1351 4227 1423 4298; x_wconf 78' lang='lat' dir='ltr'><strong>ragel</strong></span> 
     </span>
     <span class='ocr_line' id='line_1_39' title="bbox 281 4313 1424 4390; baseline -0.003 -19"><span class='ocrx_word' id='word_1_325' title='bbox 281 4317 334 4372; x_wconf 88' lang='lat' dir='ltr'><strong>mit</strong></span> <span class='ocrx_word' id='word_1_326' title='bbox 361 4318 410 4373; x_wconf 90' lang='lat' dir='ltr'><strong>der</strong></span> <span class='ocrx_word' id='word_1_327' title='bbox 429 4319 540 4389; x_wconf 80' lang='lat' dir='ltr'><strong>angabe</strong></span> <span class='ocrx_word' id='word_1_328' title='bbox 567 4319 617 4374; x_wconf 90' lang='lat' dir='ltr'><strong>der</strong></span> <span class='ocrx_word' id='word_1_329' title='bbox 635 4335 739 4374; x_wconf 88' lang='lat' dir='ltr'><strong>namen</strong></span> <span class='ocrx_word' id='word_1_330' title='bbox 765 4321 813 4375; x_wconf 90' lang='lat' dir='ltr'><strong>der</strong></span> <span class='ocrx_word' id='word_1_331' title='bbox 831 4319 961 4390; x_wconf 83' lang='lat' dir='ltr'><strong>adeligen</strong></span> <span class='ocrx_word' id='word_1_332' title='bbox 991 4321 1049 4374; x_wconf 89' lang='lat' dir='ltr'><strong>und</strong></span> <span class='ocrx_word' id='word_1_333' title='bbox 1067 4319 1233 4390; x_wconf 85' lang='lat' dir='ltr'><strong>geistlichen</strong></span> <span class='ocrx_word' id='word_1_334' title='bbox 1258 4319 1351 4390; x_wconf 76' lang='lat' dir='ltr'><strong>pilger</strong></span> <span class='ocrx_word' id='word_1_335' title='bbox 1370 4313 1424 4371; x_wconf 91' lang='lat' dir='ltr'><strong>und</strong></span> 
     </span>
     <span class='ocr_line' id='line_1_40' title="bbox 282 4403 1424 4476; baseline -0.003 -18"><span class='ocrx_word' id='word_1_336' title='bbox 282 4404 427 4460; x_wconf 83' lang='lat' dir='ltr'><strong>allensallr</strong></span> <span class='ocrx_word' id='word_1_337' title='bbox 445 4407 551 4476; x_wconf 84' lang='lat' dir='ltr'><strong>einiger</strong></span> <span class='ocrx_word' id='word_1_338' title='bbox 571 4407 666 4462; x_wconf 87' lang='lat' dir='ltr'><strong>diener</strong></span> <span class='ocrx_word' id='word_1_339' title='bbox 686 4407 838 4463; x_wconf 90' lang='lat' dir='ltr'><strong>derselben.</strong></span> <span class='ocrx_word' id='word_1_340' title='bbox 877 4408 930 4461; x_wconf 90' lang='lat' dir='ltr'><strong>Um</strong></span> <span class='ocrx_word' id='word_1_341' title='bbox 949 4425 978 4463; x_wconf 87' lang='lat' dir='ltr'><strong>so</strong></span> <span class='ocrx_word' id='word_1_342' title='bbox 992 4407 1152 4464; x_wconf 85' lang='lat' dir='ltr'><strong>wertvollor</strong></span> <span class='ocrx_word' id='word_1_343' title='bbox 1170 4407 1207 4460; x_wconf 89' lang='lat' dir='ltr'><strong>ist</strong></span> <span class='ocrx_word' id='word_1_344' title='bbox 1226 4424 1324 4462; x_wconf 87' lang='lat' dir='ltr'><strong>ansere</strong></span> <span class='ocrx_word' id='word_1_345' title='bbox 1345 4403 1424 4461; x_wconf 81' lang='lat' dir='ltr'><strong>notia.</strong></span> 
     </span>
    </p>
   </div>
   <div class='ocr_carea' id='block_1_4' title="bbox 0 0 1534 4944">
    <p class='ocr_par' dir='ltr' id='par_1_6' title="bbox 0 0 1534 4944">
     <span class='ocr_line' id='line_1_41' title="bbox 0 0 1534 4944; baseline 0 0"><span class='ocrx_word' id='word_1_346' title='bbox 0 0 1534 4944; x_wconf 95' lang='lat' dir='ltr'><strong> </strong></span> 
     </span>
    </p>
   </div>
  </div>
 </body>
</html>
