3054 4944
801 361 866 430 300

256 541 293 602 ut
315 541 405 602 extra
428 543 518 624 septa
540 559 649 604 eorum
673 539 857 604 monasterii
883 537 969 602 aliud
993 540 1222 605 monasterium
1246 541 1409 604 construe·

258 647 330 708 rent
353 643 557 710 inhonorem
580 644 671 709 beate
688 643 788 707 blarie
804 641 1014 729 Magdalene;
1037 643 1146 731 ibique
1163 647 1339 728 posuerunt
1360 663 1409 706 re·

255 747 386 832 ligiosas
410 747 557 813 mulieres
581 753 613 812 et
634 767 766 826 sorores,
794 769 855 832 que
877 747 1056 832 peregrinis
1079 749 1269 814 mulieribus
1286 745 1409 810 Latinis

257 860 429 936 preessent,
453 857 486 920 et
501 875 552 917 eas
567 853 601 916 in
616 851 755 936 hospitio
772 852 950 936 reciperent
967 853 987 916 ¹.
1036 852 1173 919 Demum
1188 851 1410 919 confluxerunt

257 963 307 1023 tot
329 958 490 1043 peregrini
514 957 633 1022 infirmi
657 959 689 1020 et
711 977 866 1040 pauperes
891 957 1059 1043 utriusque
1082 979 1192 1037 sexus,
1228 957 1312 1042 quod
1336 977 1409 1040 pre-

256 1063 342 1128 dicta
364 1061 557 1128 monasteria
587 1081 639 1126 eos
661 1081 774 1146 capere
796 1082 859 1127 nou
881 1061 1094 1128 sufficiebant.
1143 1063 1256 1128 Abbas
1286 1065 1320 1126 et
1341 1082 1409 1127 mo·

256 1167 350 1234 nachi
373 1169 412 1233 ad
435 1190 515 1252 opus
531 1167 730 1232 infirmorum
753 1172 786 1231 et
801 1167 1042 1252 peregrinorum
1059 1163 1223 1252 hospitale
1246 1171 1280 1231 et
1302 1165 1408 1250 capel·

256 1273 321 1338 lam
344 1274 376 1338 iu
395 1273 514 1338 honore
528 1273 630 1338 sancti
645 1270 802 1338 Johsnnis
821 1272 950 1338 Elsmon
975 1275 995 1338 i.
1015 1295 1039 1339 e.
1058 1270 1297 1338 elemosinarii*
1320 1273 1410 1336 iuxta

257 1397 364 1442 eorum
388 1375 553 1441 ecclesiam
568 1379 823 1442 construxerunt.
869 1375 911 1441 Et
934 1399 1034 1461 quum
1050 1377 1209 1462 hospitale
1226 1377 1328 1442 sancti
1352 1376 1407 1460 ,lo-

258 1480 373 1546 hanuis
395 1481 588 1566 aprincipio
605 1481 746 1546 redditus
768 1485 800 1545 et
825 1482 1036 1564 possessiones
1059 1503 1123 1548 non
1139 1482 1288 1562 habebat,
1311 1483 1409 1548 abbas

260 1585 298 1650 dc
320 1583 446 1665 Latina,
469 1586 508 1651 ad
533 1607 627 1672 quem
647 1586 813 1670 spectabat
828 1585 996 1669 hospitale,
1021 1587 1059 1651 dc
1074 1585 1266 1671 fragmentis
1289 1587 1408 1652 utrius·

258 1713 320 1775 que
342 1692 529 1756 monasterii
545 1711 726 1756 mensarum
741 1691 935 1774 pauperibus
958 1694 990 1755 et
1013 1691 1149 1756 infirmis
1172 1691 1313 1756 faciebat
1335 1713 1408 1776 pro·

258 1796 369 1861 videri.
415 1794 588 1881 Postquam
612 1804 720 1860 autem
736 1795 858 1878 placuit
880 1795 985 1859 divine
1001 1796 1172 1876 voluntati,
1195 1801 1232 1861 ut
1248 1796 1409 1861 civitatem

258 1899 487 1984 redemptionis
502 1903 611 1966 nostre
633 1903 697 1966 dux
713 1899 904 1966 Godefridus
927 1901 967 1964 nb
982 1901 1157 1984 impiorum
1173 1901 1315 1966 dominio
1331 1901 1409 1965 libe-

257 2010 358 2086 raret,
382 2010 414 2070 et
437 2027 504 2070 eam
527 2005 629 2072 cultui
652 2005 828 2070 christiano
852 2005 1055 2083 restitueret,
1079 2007 1129 2069 vir
1152 2006 1281 2090 quidam
1304 2010 1411 2070 sancte

257 2110 323 2174 rite
346 2113 379 2174 et
394 2111 527 2194 probate
542 2109 717 2194 religionis,
741 2111 869 2174 nomine
886 2108 1063 2188 Geraldus,
1076 2111 1132 2195 qui
1155 2111 1254 2196 longo
1268 2113 1410 2194 tempore

257 2215 295 2280 de
310 2216 460 2281 mandato
474 2216 600 2280 abbatis
623 2217 655 2279 in
672 2216 816 2299 predicto
833 2215 983 2298 hospitali
1001 2215 1195 2299 pauperibus
1218 2219 1251 2280 et
1273 2215 1409 2279 infirmis

258 2321 369 2386 devote
390 2321 645 2400 ministraverat,
679 2321 836 2385 adiunctis
858 2321 922 2384 sibi
946 2319 1134 2404 quibusdam
1159 2319 1301 2384 honestis
1324 2321 1409 2398 viris,

258 2427 404 2492 habitum
421 2429 600 2510 regularem
617 2428 765 2510 suscepit,
788 2432 821 2492 st
835 2426 975 2492 vestibus
997 2426 1062 2491 suis
1084 2425 1190 2490 albam
1206 2446 1333 2490 crucem
1357 2447 1408 2489 ex·

258 2531 358 2594 terius
380 2530 515 2615 affigens
537 2531 571 2595 in
594 2535 738 2615 pectore,
768 2531 877 2615 regule
900 2531 1033 2595 salutari
1057 2535 1090 2594 et
1113 2530 1254 2595 honestis
1276 2530 1406 2594 iustitu-

258 2636 399 2700 tionibus
430 2635 515 2700 facta
544 2635 730 2702 solemniter
753 2635 948 2721 professione
976 2637 1034 2701 deo
1068 2641 1100 2701 et
1122 2636 1247 2719 prelato
1270 2635 1407 2719 seipsum

258 2739 424 2824 obligarit.
473 2741 588 2806 Eodem
621 2749 764 2826 tempore
798 2742 929 2827 quedam
966 2741 1097 2820 mulier,
1127 2739 1236 2825 Agnes
1269 2740 1407 2820 nomine,

259 2866 390 2910 romana
413 2846 556 2927 natione,
579 2847 697 2912 nobilis
719 2869 813 2912 carne
834 2847 887 2911 scd
911 2847 1050 2912 nobilior
1073 2847 1261 2924 sanctitate,
1294 2845 1408 2930 quein

258 2951 451 3017 monasterio
473 2952 641 3017 mulierum
664 2954 765 3018 vicem
789 2955 931 3038 gesserat
953 2953 1130 3030 abbatisse,
1160 2951 1193 3014 in
1218 2951 1409 3015 monasterio

258 3078 432 3141 pauperum
457 3059 587 3123 eandem
610 3059 754 3143 regulam
779 3063 810 3122 et
834 3057 1027 3122 humilitatis
1050 3056 1197 3120 habitum
1213 3055 1319 3120 votive
1341 3075 1408 3118 sus·

258 3163 352 3246 cepit.
398 3160 537 3228 Predicti
560 3164 663 3247 igitur
684 3162 801 3228 fratres
826 3162 993 3228 humiliter
1016 3167 1048 3226 et
1064 3161 1176 3226 devote
1192 3160 1321 3225 domino
1344 3181 1408 3224 ser-

258 3269 398 3345 vientes,
433 3272 465 3331 et
488 3269 622 3333 infirmis
645 3269 838 3353 pauperibus
870 3268 908 3332 de
938 3289 996 3332 sua
1023 3270 1212 3350 paupertate
1235 3263 1409 3350 diligenter

260 3372 494 3452 ministrantes,
529 3374 562 3436 in
585 3393 663 3458 agro
695 3375 749 3458 qui
773 3374 891 3438 dicitur
915 3370 1149 3436 Acheldemach
1172 3375 1315 3434 mortuos
1338 3389 1409 3434 suos

259 3475 486 3561 sepelierunt⁸.
532 3527 540 3542 .
566 3529 572 3542 .
598 3527 605 3541 .
630 3479 676 3563 [p.
701 3477 781 3564 319]
807 3527 814 3542 .
839 3529 846 3543 .
871 3531 878 3543 .
925 3477 991 3542 istu
1013 3499 1088 3542 vero
1113 3475 1254 3570 ecclesia,
1278 3497 1340 3560 que
1362 3475 1408 3540 di-

259 3581 390 3647 cebatur
405 3582 515 3659 latina,
540 3587 572 3648 et
588 3583 746 3667 hospitale
760 3583 1010 3648 Johannitarum
1033 3583 1127 3648 hodie
1150 3585 1226 3647 sunt
1249 3581 1410 3646 destructa

259 3691 292 3752 et
315 3685 465 3753 desolata.
511 3687 547 3752 In
572 3687 724 3772 hospitali
748 3690 793 3754 sic
816 3689 989 3767 immundo,
1014 3688 1140 3773 quando
1157 3685 1332 3752 multitudo
1355 3709 1408 3770 pe·

825 3875 844 3911 'k

333 4005 343 4055 l
366 4001 475 4058 Ebsnso
493 4000 578 4058 Fabri
597 4003 631 4066 Il,
650 4003 710 4057 246.
817 4000 932 4056 2Nach
951 3999 1035 4056 Fabri
1055 3999 1088 4065 ll,
1108 4001 1160 4056 2⁷5
1179 4017 1238 4056 war
1256 4000 1347 4056 dieser
1366 3999 1410 4055 ein

261 4089 439 4161 »patriarcha
453 4089 682 4146 Alexandrinus«.
752 4091 769 4144 3
790 4089 868 4145 Disse
886 4089 1065 4158 daretallung
1083 4087 1208 4159 grllndet
1227 4087 1288 4142 sich
1305 4088 1409 4157 haupt·

259 4177 382 4232 stehlich
407 4176 460 4232 suf
485 4176 530 4232 die
548 4175 748 4246 mitteiluugen
767 4178 815 4231 des
833 4175 968 4232 Wilhelm
989 4193 1043 4232 von
1061 4175 1152 4245 Tyrus
1172 4175 1230 4230 und
1248 4174 1336 4232 Jacob
1355 4193 1407 4231 rou

262 4265 352 4334 Vitry.
391 4265 496 4323 Ulborn
524 4268 576 4321 hat
603 4265 632 4320 in
659 4264 708 4320 der
736 4264 890 4320 zeitschrift
916 4265 962 4319 fur
980 4263 1257 4333 kirchengeschichte
1276 4261 1345 4318 less
1365 4262 1409 4324 Vl,

259 4353 294 4407 46
308 4352 336 4408 li.
355 4351 400 4407 die
412 4353 617 4410 rolllrommeue
629 4351 858 4423 rurerlltssigheit
870 4351 961 4408 dieser
973 4351 1162 4407 nschrichten
1177 4351 1326 4408 besonders
1345 4353 1409 4406 {lber

260 4439 305 4494 die
322 4441 531 4510 vorgeschichte
551 4441 599 4497 des
617 4442 716 4498 ardeus
736 4441 789 4495 mit
807 4440 884 4496 recht
903 4442 933 4495 in
951 4439 1059 4495 avellel
1078 4454 1210 4512 geacgeu.
