3062 4938
819 265 839 330 6

257 443 394 529 gratiam
417 443 451 506 in
467 443 638 524 conspectu
652 439 859 522 prelatorum,
882 439 985 524 daque
1008 439 1087 504 milri
1102 440 1273 506 secundum
1288 440 1403 506 volun·

256 553 356 614 tatem
389 552 422 612 et
443 546 569 612 laudem
601 552 690 610 tuam
721 545 755 610 in
783 546 944 630 presentia
967 546 1108 610 omnium
1139 549 1224 610 recto
1253 546 1342 630 loqui
1373 551 1407 612 et

258 655 337 718 bene
360 673 464 737 agere.
509 649 592 716 Nam
628 670 697 734 ego,
725 653 763 714 ut
786 649 880 730 nosti,
913 655 944 715 te
967 650 1142 716 auxiliante
1165 648 1305 736 inten[p.
1329 651 1406 735 3]do

258 759 358 823 vitam
374 779 475 821 meam
496 754 664 820 emendare
687 760 720 820 et
743 760 776 820 te
791 760 955 839 prestante
972 755 1096 821 cunctis
1119 755 1228 820 diebus
1251 756 1316 821 rite
1338 778 1407 822 mee

259 863 320 926 tibi
342 861 471 940 servire,
494 860 549 925 ubi
572 865 605 926 et
621 860 779 945 quomodo
799 883 920 926 summe
943 860 1003 925 tibi
1019 861 1186 944 placuerit.
1232 859 1300 927 Hec
1321 864 1407 926 eninr

259 967 360 1047 credo¹
395 967 479 1050 quod
509 987 572 1032 non
605 987 678 1030 caro
707 988 777 1030 mea
807 967 860 1032 sed
892 967 964 1050 pius
987 971 1080 1051 pater
1109 964 1233 1030 celestis
1255 966 1409 1032 revelarit

261 1071 389 1138 michi.‹
437 1071 479 1135 Et
506 1093 577 1136 ecce
600 1071 711 1136 statim
738 1071 818 1136 mihi
841 1071 935 1137 affuit
963 1072 1072 1137 divina
1095 1071 1201 1156 gratia
1230 1075 1262 1135 et
1284 1075 1406 1136 tautam

176 1210 179 1215 ·
262 1177 475 1244 constantiam
499 1175 645 1260 prestitit
667 1179 700 1241 et
723 1176 823 1242 lorica
838 1177 994 1260 patientie
1016 1199 1067 1242 me
1090 1176 1240 1242 armarit:
1261 1175 1300 1240 ln
1323 1198 1409 1258 casu,

261 1281 443 1348 siluissem
467 1282 691 1363 incarceratus,
723 1283 835 1368 utique
856 1303 927 1347 cum
951 1283 1067 1367 gaudio
1089 1281 1319 1347 sustinuissem.
1366 1281 1408 1346 m

261 1393 339 1454 tuno
353 1389 505 1472 proposui
522 1388 601 1454 mihi
617 1389 754 1454 firmiter
775 1410 833 1472 pro
856 1387 924 1454 solo
939 1411 1046 1454 amore
1063 1387 1159 1453 lhesu
1174 1409 1289 1472 corpus
1305 1409 1409 1452 meum

263 1495 301 1559 ad
325 1514 458 1578 magnos
481 1493 617 1576 labores,
642 1495 680 1560 nd
704 1497 928 1578 paupertatem
951 1487 1133 1574 extremam,
1159 1493 1198 1558 ad
1221 1493 1356 1558 esuriem
1379 1499 1413 1558 et

263 1599 362 1677 sitim,
386 1598 424 1662 ad
447 1603 549 1664 estum
573 1605 605 1665 et
628 1598 760 1682 frigora,
785 1599 823 1663 ad
840 1599 1005 1682 angustius
1027 1605 1060 1664 ct
1075 1599 1218 1680 miserias
1240 1598 1333 1664 etad
1355 1621 1412 1682 pe·

265 1703 366 1768 ricula
376 1701 480 1767 multa
492 1709 524 1768 et
536 1704 662 1768 tandem
676 1703 715 1768 sd
726 1703 880 1787 passionis
891 1704 1072 1768 martirium
1081 1703 1260 1768 voluntarie
1277 1703 1412 1770 tradere.

353 1807 421 1873 Hoc
436 1808 520 1892 opud
535 1831 585 1873 me
599 1809 706 1892 sepius
722 1809 884 1892 cogitante
900 1809 1172 1894 appropinquarit
1187 1814 1313 1892 tempus
1337 1831 1414 1893 pro-

265 1911 413 1978 vincialis
435 1913 571 1997 capituli
593 1935 677 1978 anno
699 1911 820 1980 Christi
847 1916 927 1980 1481
961 1915 995 1979 in
1018 1915 1125 1980 eodem
1150 1918 1307 1978 conventu
1331 1914 1414 1979 cele·

266 2019 379 2085 brandi
397 2016 417 2083 ¹.
464 2016 691 2084 Confluxerunt
711 2019 909 2086 venerabiles
931 2027 1038 2104 patres
1060 2041 1097 2084 ac
1120 2021 1225 2085 devoti
1240 2019 1358 2084 fratres
1381 2020 1416 2084 in

267 2127 350 2190 bona
372 2125 472 2208 copia,
508 2145 587 2209 quos
608 2145 717 2188 omncs
740 2145 813 2188 cum
836 2125 952 2209 gaudio
975 2125 1108 2209 suscepi,
1142 2146 1178 2189 ac
1201 2125 1287 2208 ipsis,
1319 2130 1420 2208 prout

267 2229 371 2315 potui,
393 2228 530 2292 fideliter
553 2228 668 2292 servivi
698 2232 732 2292 et
753 2229 889 2314 largiter
912 2235 943 2294 et
967 2231 1117 2314 pretiose,
1140 2252 1201 2315 que
1224 2251 1281 2314 per
1305 2251 1420 2294 manus

268 2337 454 2400 devotorum
487 2331 629 2397 fidelium
662 2333 792 2398 fuerant
823 2334 969 2419 elargita,
1001 2334 1230 2400 administravi.
1283 2333 1420 2399 Pcra'cto

269 2439 376 2506 officio
409 2438 447 2502 de
473 2437 591 2520 spiritu
619 2444 728 2503 sancto
751 2445 784 2504 et
807 2439 1005 2505 orationibus
1028 2439 1122 2506 factis
1151 2439 1270 2505 electus
1303 2445 1352 2504 est
1383 2441 1419 2504 in

268 2545 422 2610 vicarium
445 2543 670 2626 provincialem
697 2543 887 2608 venerabilis
909 2549 1020 2627 pater,
1042 2545 1145 2609 irater
1170 2542 1334 2608 Johannes
1357 2545 1419 2610 Al-

269 2647 392 2739 psrth⁹
426 2646 496 2712 loco
525 2648 716 2714 venerabilis
749 2650 867 2733 patris,
900 2648 1010 2713 fratris
1037 2648 1194 2715 Johannir
1226 2649 1265 2714 de
1299 2647 1381 2714 Loro
1395 2649 1421 2730 ³,

270 2777 374 2841 nuper
411 2752 564 2818 mortuo*
596 2753 655 2818 sub
686 2755 801 2818 itinere
839 2754 878 2819 ad
910 2754 1087 2837 capitulum
1125 2753 1281 2838 generale.
1340 2753 1421 2820 (lum

271 2867 378 2930 autem
400 2865 472 2924 scta
496 2858 629 2942 capituli
658 2859 769 2924 deinde
790 2859 835 2924 sic
858 2864 1141 2943 prosequerentur,
1175 2865 1212 2924 ut
1234 2861 1332 2925 moris
1362 2865 1423 2940 est,

271 2967 422 3034 timebam
445 2961 546 3042 valde,
570 2962 649 3028 mihi
669 2962 789 3027 inferre
811 2962 1072 3046 impedimentum
1096 2963 1130 3028 in
1153 2986 1256 3029 meam
1280 2965 1422 3050 gratiam
1450 3012 1457 3023 .

271 3071 495 3158 apostolicam,
527 3073 559 3132 et
592 3071 754 3132 sumerent
782 3069 976 3133 occasionem
1010 3091 1047 3133 ex
1080 3068 1157 3149 hoo,
1192 3069 1220 3132 si
1253 3091 1318 3135 non
1352 3071 1423 3138 avi·

837 3207 855 3239 ἢ

347 3299 361 3354 1
381 3295 475 3352 Diores
494 3293 760 3365 provinciallrapitel
785 3293 898 3363 begann
924 3311 970 3348 am
990 3296 1004 3346 5
1026 3296 1096 3362 Aug.
1117 3292 1192 3348 1481.
1231 3295 1311 3350 Auel.
1332 3297 1423 3354 franc.

273 3389 307 3456 11,
326 3387 385 3442 480.
492 3385 508 3436 2
528 3382 556 3435 P.
574 3383 716 3438 Johsnnee
729 3382 873 3452 Altparth‚
893 3380 939 3436 ein
951 3381 1136 3436 btclrersrohn
1156 3397 1206 3434 aus
1218 3381 1309 3448 Basel,
1329 3385 1427 3441 wurde

275 3477 343 3531 1474
370 3490 434 3527 zum
461 3473 554 3526 ersten
580 3471 656 3524 male
682 3470 802 3526 vicarius
829 3469 989 3540 provinciae
1025 3469 1199 3540 Argentinae
1233 3469 1426 3541 (provincial),

275 3565 343 3620 1480
362 3559 502 3631 guardian
527 3559 555 3612 in
575 3557 734 3626 Ntirnberg,
762 3559 826 3611 1481
853 3574 916 3610 aum
934 3555 1049 3610 aweiten
1069 3555 1126 3610 und
1148 3559 1214 3612 1487
1233 3576 1295 3611 zum
1314 3557 1426 3615 dritten

275 3653 350 3707 male
367 3647 525 3720 provincial
551 3647 609 3699 und
635 3645 716 3700 starb
734 3643 870 3699 zwischen
892 3645 959 3699 1490
978 3643 1035 3697 und
1055 3643 1130 3699 1493.
1170 3645 1254 3699 Anal.
1279 3645 1371 3702 freno.
1390 3647 1427 3713 Π,

275 3740 335 3803 457,
348 3739 407 3800 480,
423 3735 482 3799 504,
497 3735 556 3788 511.
661 3732 678 3786 3
697 3731 726 3784 Ρ.
739 3731 881 3787 lohannes
901 3730 936 3784 de
949 3729 1019 3784 Lare
1038 3730 1118 3797 (auch
1131 3732 1166 3787 de
1179 3731 1252 3787 Lara
1269 3733 1326 3787 und
1339 3732 1428 3805 Lohr)

275 3825 370 3881 wurde
392 3824 459 3878 1455
477 3839 540 3874 zum
560 3823 654 3876 ersten
672 3820 748 3876 male
761 3818 927 3889 provincial,
946 3817 1042 3874 fuhrte
1063 3820 1130 3875 1460
1149 3820 1193 3876 die
1206 3823 1320 3890 strange
1332 3821 1428 3878 obser·

277 3932 348 3970 reus
366 3912 396 3967 in
414 3909 556 3978 Bamberg
574 3909 627 3974 ein,
646 3926 704 3963 war
725 3907 792 3964 1468
811 3907 972 3964 commisstr
990 3924 1026 3961 an
1046 3907 1095 3961 der
1113 3907 1192 3962 kurie
1211 3910 1240 3962 in
1255 3908 1334 3972 Rom,
1356 3911 1427 3965 1471

276 4001 334 4055 und
356 3999 422 4055 1480
440 3997 542 4051 wieder
555 3996 712 4066 provincial
731 3995 790 4050 und
808 3995 905 4050 leitete
924 3995 995 4050 nach
1014 3996 1078 4050 dem
1091 3995 1157 4052 tode
1175 3995 1223 4050 des
1239 3994 1360 4051 vicarius
1379 4015 1429 4068 ge·

278 4087 382 4143 neralis
405 4084 449 4140 die
469 4101 558 4154 gance
577 4083 722 4154 provincia
740 4084 964 4140 ultramontana.
1002 4084 1055 4138 Am
1073 4083 1107 4138 26
1127 4083 1185 4137 Mai
1205 4083 1371 4138 1481starb
1398 4101 1431 4140 er

279 4175 330 4228 auf
354 4173 405 4228 der
423 4172 494 4228 reise
518 4189 580 4226 aum
601 4170 836 4242 generelkapitel,
862 4170 977 4225 welches
1002 4169 1033 4224 in
1051 4169 1213 4241 Montlupon
1238 4169 1269 4224 in
1289 4169 1429 4239 Burgund

279 4261 452 4330 abgehelten
470 4257 573 4316 wurde.
610 4258 696 4314 Ansl.
722 4259 809 4314 franc.
832 4258 863 4322 ll,
883 4275 908 4311 a.
927 4275 954 4312 s.
972 4275 997 4314 ο.
1033 4257 1201 4313 Sulzbaohcr
1219 4256 1356 4314 kalendcr
1380 4257 1430 4314 ῆι

280 4348 387 4404 kathol.
407 4345 538 4402 christon
559 4348 627 4405 1884
644 4364 664 4402 s.
684 4350 726 4404 74.
831 4350 847 4401 4
868 4346 979 4404 mortui.
