3054 4944
653 363 715 428 261

106 543 234 626 integre
256 540 445 627 requiescit,
478 545 511 605 et
541 543 613 624 post
644 539 775 624 longum
798 540 915 606 reversi
947 538 1064 603 iterum
1087 537 1258 622 petivimus

61 693 70 716 .
105 647 287 725 introitum,
310 647 364 712 sed
387 668 450 712 non
466 668 575 712 sumus
591 646 778 727 intromissi,
801 651 834 712 et
855 647 900 712 ibi
920 643 1062 710 fraudati
1078 644 1259 728 aspectibus
1345 666 1351 681 ·

103 752 305 818 dominorum
330 757 520 818 nostrorum.
567 750 702 816 Domum
725 752 842 816 reversi
865 772 973 816 sumus
996 750 1034 814 ad
1057 753 1258 830 conventum,

103 861 135 922 et
149 857 292 941 vesperis
314 859 450 922 cantatis
475 861 508 922 et
530 877 587 922 nos
609 856 768 922 calefactis
791 858 829 922 ad
853 859 962 940 ignem
984 855 1118 925 fecimus
1142 855 1258 920 bonam

103 961 319 1043 collationem,
342 967 374 1027 et
397 966 471 1047 post
486 962 675 1026 intravimus
698 962 824 1046 galeam
847 962 885 1027 ad
908 965 1053 1026 nostrum
1069 979 1258 1044 generosum

103 1071 288 1152 patronum.
334 1065 415 1132 Item
439 1067 473 1130 in
497 1067 566 1150 ipsa
582 1066 739 1132 dominica
760 1067 799 1132 de
821 1087 890 1131 sero
913 1066 997 1130 circa
1015 1063 1257 1149 completorium

103 1173 167 1238 vidi
191 1195 292 1237 unum
307 1175 411 1238 totum
432 1172 585 1257 grandem
602 1172 768 1237 draconem
791 1172 858 1238 sive
874 1170 1078 1237 crocodillum
1095 1174 1257 1234 mortuum

105 1283 137 1344 et
159 1282 399 1356 exenteratum,
430 1279 518 1343 cuius
540 1278 708 1363 longitudo
739 1299 808 1343 cum
834 1278 933 1342 cauda
955 1281 1024 1342 erat
1046 1277 1126 1340 bene
1150 1274 1256 1340 decem
1296 1264 1298 1267 ¹

102 1389 134 1450 et
156 1387 279 1468 septem
304 1384 430 1467 pedum,
465 1384 652 1470 magnitudo
686 1387 722 1448 ut
744 1383 880 1448 vittulus
902 1381 1086 1460 anniculus,
1119 1384 1257 1465 quatuor

102 1490 223 1555 babens
245 1489 350 1573 pedes,
374 1511 506 1574 squama
528 1488 594 1553 eius
610 1487 785 1566 durissime,
808 1488 855 1552 ita
878 1487 962 1573 quod
978 1486 1169 1552 bombardus
1192 1505 1255 1578 non

105 1597 214 1678 potest
236 1593 267 1658 ei
289 1615 412 1674 nocere,
435 1598 531 1677 caput
554 1593 621 1657 eius
640 1591 782 1677 longum,
806 1613 928 1658 osvero
951 1591 1049 1656 trium
1075 1590 1256 1675 palmarum

103 1721 258 1780 mearum,
282 1699 396 1784 quibus
412 1698 601 1778 mensuram,
625 1719 695 1763 cum
712 1697 859 1764 dentibus
875 1697 987 1763 multis
1002 1701 1034 1761 et
1050 1696 1165 1780 longis,
1182 1717 1256 1761 acu·

104 1804 246 1870 tissimis.

190 1907 275 1973 Item
303 1909 336 1972 in
368 1908 418 1973 die
441 1909 532 1990 lune,
555 1909 587 1972 in
611 1907 726 1993 vigilia
749 1907 929 1992 Epiphanio
953 1905 1073 1971 domini
1098 1905 1130 1990 [5
1153 1903 1257 1991 Jan.]‚

104 2037 197 2080 mane
227 2014 312 2078 circa
334 2014 502 2098 septimam
526 2012 637 2079 horam
661 2014 836 2098 incepimus
859 2012 1026 2096 navigare,
1056 2014 1088 2075 et
1111 2011 1257 2074 dominus

105 2119 245 2185 eontulit
269 2117 361 2183 nobis
393 2119 509 2183 bonum
532 2122 682 2197 ventum,
717 2122 749 2182 et
780 2105 982 2202 pervenimus
1006 2114 1192 2180 Barantiam
1223 2115 1256 2178 in

104 2225 175 2309 ipsa
197 2224 250 2288 die
265 2223 445 2308 Epiphania
465 2225 548 2288 circa
563 2244 718 2308 vesperes,
742 2228 774 2287 et
797 2244 861 2288 non
877 2221 943 2286 dixi
960 2221 1088 2285 missam
1111 2220 1254 2284 infesto.

103 2328 172 2394 Heo
201 2329 315 2394 civitas
345 2333 393 2393 est
414 2329 607 2394 Venetorum
639 2335 670 2394 et
701 2329 784 2394 iacet
811 2329 845 2392 in
869 2328 965 2392 Istria
994 2326 1160 2412 provincia
1178 2325 1200 2408 ¹,
1224 2332 1256 2390 et

103 2435 251 2498 stetimus
273 2433 319 2498 ibi
343 2455 413 2499 cum
437 2434 537 2518 galeis
559 2455 660 2520 usque
683 2435 721 2500 ad
744 2433 856 2498 feriam
878 2438 1024 2518 quartam
1049 2431 1081 2518 [7
1097 2430 1195 2516 Jan.]‚
1223 2435 1256 2496 et

106 2540 145 2604 ds
168 2560 238 2604 sero
260 2544 334 2623 post
349 2539 592 2623 completorium
608 2539 783 2624 incepimus
800 2540 962 2624 navigare.
1008 2537 1050 2602 Et
1065 2539 1183 2602 iterum
1198 2537 1254 2603 do·

102 2647 209 2710 minus
241 2646 347 2710 astitit
378 2646 469 2712 nobis
502 2647 750 2712 misericorditer
789 2650 821 2711 et
845 2645 983 2712 contulit
1014 2644 1107 2709 nobis
1138 2645 1255 2708 bonum

103 2759 236 2816 ventum
252 2771 308 2834 per
324 2755 426 2816 totam
449 2757 583 2832 noctem,
607 2773 770 2838 quousque
786 2751 997 2836 applicuimus
1012 2755 1141 2833 portum
1157 2751 1255 2814 maris

102 2857 192 2920 iuxta
217 2853 367 2921 Venetiae
381 2853 404 2922 ¹.
451 2856 493 2921 Et
514 2856 624 2922 statim
646 2860 800 2940 patronus
830 2854 909 2920 feeit
931 2854 1023 2920 nobis
1046 2854 1114 2918 deri
1139 2854 1255 2918 bonam

101 2961 308 3027 collationem
331 2967 363 3027 et
385 2963 473 3028 misit
495 2984 553 3029 nos
575 2985 645 3029 cum
668 2963 787 3028 nostris
810 2964 902 3028 rebus
926 2963 959 3026 in
982 2983 1046 3026 une
1069 2959 1197 3040 barela,
1223 2965 1255 3025 et

100 3067 147 3132 sic
169 3065 250 3132 salvi
273 3089 330 3151 per
352 3068 403 3133 dei
426 3069 562 3153 gratiam
580 3069 722 3134 venimus
745 3069 783 3133 ad
806 3067 912 3132 locum
935 3070 1089 3146 nostrum,
1113 3066 1152 3131 ad
1178 3084 1254 3130 con·

102 3177 234 3238 ventum
258 3173 359 3239 sancti
383 3171 543 3240 Francisci
578 3177 615 3240 de
639 3173 770 3240 Avinea.
818 3171 897 3238 Oum
931 3177 1036 3237 autem
1060 3193 1168 3238 omnes
1200 3172 1255 3236 alii

101 3279 267 3364 peregrini
279 3280 438 3344 venissent
459 3281 498 3346 ad
511 3279 671 3357 Venetiae,
694 3301 758 3345 non
781 3278 931 3363 apparuit
955 3277 1101 3342 dominus
1121 3275 1253 3344 Welsch

100 3385 140 3450 de
156 3384 338 3467 Argentina
359 3406 417 3451 neo
442 3384 578 3450 inveniri
593 3385 701 3469 potuit
715 3385 756 3449 ab
771 3384 888 3468 aliquo,
912 3405 970 3468 pro
987 3403 1050 3469 quo
1065 3386 1152 3448 certe
1167 3383 1252 3448 mul-

99 3495 170 3556 tum
193 3489 344 3556 dolebant
366 3490 422 3556 alii
444 3491 564 3556 domini
587 3497 619 3555 et
641 3511 700 3575 ego
722 3489 922 3574 specialiter,
957 3487 1033 3572 quia
1056 3487 1136 3552 mihi
1160 3488 1252 3554 valde

101 3597 135 3662 in
157 3596 271 3661 multis
293 3597 449 3677 subvenit,
472 3597 655 3681 exponendo
679 3596 845 3680 pecuniam
871 3615 964 3659 suam
986 3614 1045 3677 pro
1069 3593 1256 3659 necessitate

101 3723 172 3768 mea
188 3702 332 3788 largiter,
356 3707 388 3768 et
403 3707 470 3768 erat
486 3700 794 3789 filiusffconfessionis
810 3721 887 3764 mee.
924 3697 1082 3765 Nonnulli
1098 3699 1254 3781 dicebant,

672 3837 691 3872 ¹!-

174 3931 186 3985 l
207 3927 289 3985 Siehe
298 3929 371 3986 oben
379 3947 401 3985 s.
411 3931 446 3986 70
455 3947 529 3986 anm.
539 3931 563 3986 2.
617 3927 945 3996 ilditsonnenaufgsng
957 3925 1093 3982 erblickte
1111 3941 1180 3980 man
1200 3941 1255 3981 von

101 4017 155 4072 den
174 4015 290 4072 schiffen
309 4034 360 4072 sus
377 4016 518 4088 Venedig‚
538 4033 595 4072 was
624 4018 675 4072 auf
695 4016 862 4081 denselben‚
890 4015 936 4070 dis
961 4014 1050 4070 sofort
1073 4012 1187 4068 festlioh
1209 4029 1255 4082 ge-

99 4104 247 4160 scbmdclrt
259 4104 383 4171 worden,
396 4105 575 4175 angeheursn
584 4104 663 4176 jubel
677 4102 839 4160 hervorrisf.
876 4101 952 4157 Aber
968 4101 1039 4157 auch
1056 4119 1120 4157 vom
1134 4099 1254 4154 Marcus·

100 4195 193 4248 turms
210 4210 245 4246 au
269 4191 393 4262 Venedig
420 4209 470 4248 uus
488 4211 583 4249 varen
608 4193 654 4248 die
672 4191 767 4248 sohiffe
785 4190 887 4246 bersits
907 4190 1022 4261 ersptlrt
1040 4187 1169 4250 worden,
1203 4185 1255 4240 des

100 4281 216 4352 geltute
241 4279 314 4335 aller
332 4281 451 4350 gloclren
476 4282 525 4337 der
550 4281 628 4338 stadt
647 4279 819 4336 verlrdndete
836 4277 923 4334 deren
948 4277 1116 4333 bevohnern
1142 4273 1187 4330 die
1206 4292 1254 4330 an.

100 4371 185 4426 lsunft
213 4370 264 4426 der
288 4369 383 4436 tlotte,
409 4369 465 4426 und
493 4370 567 4427 diese
585 4369 681 4424 vurde
707 4371 790 4424 uuter
808 4367 997 4438 ungeheursm
1020 4361 1199 4420 volksaulaul
1222 4363 1254 4423 in

101 4461 290 4520 feierlichster
309 4459 389 4518 voire
408 4458 587 4530 empfangen.
623 4455 707 4512 Fabri
725 4455 773 4520 ΠΙ,
791 4455 852 4512 387.
