3054 4944
666 373 729 442 255

120 557 255 637 petuoso
277 557 376 618 ventu
399 548 609 634 applicuimus
634 549 815 632 Modlnum,
838 551 1000 618 civitatem
1026 555 1058 617 in
1082 551 1238 618 Romania
1252 549 1273 620 ¹.

122 657 190 722 Hec
212 658 326 724 civitas
358 679 421 720 non
454 659 502 720 cst
531 657 626 720 nimis
648 679 764 741 magna
795 659 853 722 sed
870 659 960 722 valde
983 659 1094 736 fortis3
1131 659 1213 722 hano
1235 659 1274 722 de

119 763 218 826 fundo
243 762 469 826 edificaverunt
493 759 616 825 Veneti.
662 760 704 825 Et
734 761 825 824 iuxta
857 761 945 826 illam
975 767 1168 847 congregate
1199 766 1274 826 sunt

118 889 228 932 omnes
252 868 359 931 decem
383 865 481 950 galee.
528 865 641 950 Ibique
663 873 927 950 comparaverunt
949 869 1069 952 singuli
1098 891 1157 953 pro
1182 890 1272 953 posse

118 995 186 1046 suo,
209 995 294 1036 unus
315 971 436 1050 vinum,
459 970 540 1034 alius
563 971 659 1035 aliud.
706 970 789 1036 Nam
820 973 854 1036 in
877 972 935 1036 illa
956 975 1086 1040 clvitate
1108 981 1183 1038 suut
1206 973 1270 1038 vic·

118 1078 221 1142 tualie
244 1077 278 1140 in
302 1077 393 1140 valde
416 1074 607 1141 bonoloco:
637 1078 747 1141 vinum
769 1077 927 1160 optimum
958 1083 990 1142 et
1012 1077 1103 1142 dulce
1134 1079 1167 1143 in
1192 1079 1274 1144 bono

118 1182 209 1258 loro;
234 1181 343 1246 vinum
368 1203 533 1247 commune
557 1184 675 1247 amttur
697 1205 756 1266 pro
779 1185 901 1249 modice
925 1186 1070 1268 pecunia,
1097 1188 1133 1250 ll
1158 1186 1208 1250 vel
1233 1187 1273 1251 12

119 1289 242 1354 eiculos
257 1309 316 1372 pro
332 1309 396 1352 uno
412 1289 536 1353 ducato.
583 1289 699 1353 Carnes
723 1289 755 1352 in
775 1291 855 1354 bono
871 1290 956 1355 foro:
981 1311 1093 1374 porcus
1110 1291 1275 1376 saginatus

120 1395 223 1458 trium
246 1413 403 1457 annorum
425 1415 484 1476 pro
508 1393 611 1458 medio
626 1393 740 1458 ducato
756 1395 803 1458 vel
827 1416 886 1477 pro
911 1401 1046 1478 quatuor
1069 1393 1162 1458 libris
1186 1395 1275 1478 (sunt

119 1521 203 1564 unus
225 1499 364 1563 florenus
388 1499 561 1583 renensis),
590 1501 714 1583 aliaque
737 1501 853 1578 bestie,
883 1521 977 1583 capre
1000 1504 1031 1564 et
1053 1521 1127 1564 oves
1148 1500 1199 1564 vel
1222 1521 1274 1563 os-

119 1604 221 1668 strani
258 1609 408 1668 emuntur
439 1609 511 1668 octo
547 1625 606 1687 pro
640 1623 704 1668 uno
736 1604 858 1667 ducato.
912 1601 1116 1670 Pomerancie
1150 1625 1274 1688 magne,

120 1731 231 1794 grosse
256 1716 289 1774 et
314 1710 403 1789 boue,
429 1709 517 1772 mille
540 1731 598 1793 pro
621 1709 781 1788 marcello,
804 1731 939 1794 quorum
963 1709 1126 1773 duodecim
1151 1709 1274 1773 faciunt

120 1815 274 1880 ducatum
288 1811 311 1878 ².
358 1813 471 1898 Ibique
493 1815 641 1879 stetimus
671 1837 691 1878 a
721 1814 802 1878 feria
828 1816 924 1878 tertia
948 1814 1092 1896 predicta
1114 1835 1214 1898 usque
1236 1815 1274 1878 ad

120 1921 312 1985 dominicam
336 1922 465 1984 tertiam
489 1920 664 1998 Adventus,
689 1919 746 2002 [14
770 1919 875 2002 Dez.],
909 1924 941 1982 et
965 1919 1050 1982 omni
1083 1917 1134 1982 die
1156 1918 1275 1982 intravi

122 2025 285 2088 civitatem
308 2028 341 2087 et
368 2025 432 2089 dixi
455 2025 595 2090 missam.
641 2023 723 2088 Item
752 2025 784 2087 in
816 2025 886 2107 ipsa
908 2023 1065 2088 dominica
1087 2021 1184 2086 tertia
1209 2022 1274 2086 Ad-

123 2135 236 2194 ventus
260 2135 389 2212 peracte
423 2131 517 2194 missa
549 2133 581 2194 et
610 2135 739 2213 sumpto
770 2129 904 2211 prandio
926 2129 1101 2211 incepimus
1125 2127 1276 2211 navigare

122 2255 224 2318 usque
240 2236 279 2298 ad
295 2233 501 2318 Sapientiam,
526 2237 580 2320 qui
597 2241 645 2298 cst
662 2237 747 2299 locus
759 2256 887 2298 securus
902 2238 1014 2299 contra
1029 2253 1138 2297 omnes
1152 2239 1276 2296 ventos.

123 2338 164 2402 Et
188 2339 221 2402 in
245 2340 315 2422 ipsa
345 2340 394 2404 die
416 2341 505 2404 venit
527 2343 701 2422 tempestas
723 2338 918 2402 validissima
949 2359 1021 2402 oum
1044 2339 1144 2402 tantis
1166 2359 1276 2402 corus·

121 2445 302 2510 cationibus
324 2450 357 2508 et
379 2444 569 2529 fulgoribus,
594 2443 677 2528 quod
699 2465 762 2507 non
787 2442 890 2507 solum
914 2443 946 2506 in
967 2443 1131 2508 Alamanis
1154 2443 1272 2506 mirum

121 2549 187 2614 fuit
209 2551 262 2614 eed
286 2551 381 2614 etiam
405 2552 438 2614 in
455 2549 577 2614 Italicis
592 2549 615 2614 ³.
663 2549 704 2612 Et
719 2549 847 2614 tandem
862 2547 974 2631 fulgur
989 2548 1103 2613 incidit
1127 2549 1160 2612 in
1176 2569 1273 2612 unam

122 2657 250 2740 galeam
273 2657 311 2720 de
338 2655 489 2735 Barutho,
512 2659 545 2720 et
567 2655 728 2718 interfecit
750 2660 816 2718 tres
832 2654 915 2718 viros
930 2653 953 2734 ⁴,
976 2659 1009 2718 et
1032 2659 1165 2738 quartus
1191 2653 1275 2718 lesus

121 2762 300 2846 permansit
332 2761 365 2825 in
387 2763 464 2826 vita.
511 2759 561 2825 Ibi
584 2761 731 2824 stetimus
761 2781 862 2843 usque
893 2759 1080 2822 intertium
1113 2760 1196 2823 diem
1219 2759 1275 2822 ecl.

122 2867 256 2931 tertiam
279 2867 401 2931 feriam.
447 2866 528 2931 Item
552 2867 586 2929 in
610 2867 660 2929 die
684 2863 833 2928 Mercurii
857 2861 910 2950 [17
938 2863 1027 2949 Dea]
1052 2865 1085 2928 in
1108 2863 1277 2947 angarial,

122 2995 217 3038 mane
241 2977 315 3036 ante
338 2973 422 3036 diem
444 2969 619 3054 incepimus
641 2970 803 3053 navigare,
827 2975 858 3032 et
881 2969 1026 3033 dominus
1048 2969 1184 3033 contulit
1200 2991 1275 3032 ven-

122 3083 192 3142 tum
216 3099 276 3162 pro
299 3077 400 3158 nobis,
425 3078 479 3162 qui
503 3077 629 3141 durarit
651 3097 752 3159 usque
774 3075 948 3138 adsertam
972 3075 1095 3154 feriam,
1118 3077 1151 3137 et
1173 3075 1274 3138 crevit

121 3183 228 3247 nimis.
275 3183 316 3247 Et
339 3183 371 3246 iu
394 3183 445 3246 die
466 3180 556 3246 Jovis
579 3180 636 3264 [18
661 3179 749 3264 Dec]
773 3180 836 3244 fuit
859 3179 1079 3244 inestImabilis
1103 3184 1273 3262 tempestae

122 3293 155 3352 ct
178 3293 294 3352 ventus
315 3287 408 3352 valde
432 3287 641 3370 impetuosus,
675 3285 751 3350 licet
780 3307 905 3369 semper
932 3285 1106 3361 nobiscum,
1141 3287 1174 3348 et
1197 3285 1275 3368 ipsis

121 3394 234 3458 diebus
257 3396 389 3476 propter
404 3392 535 3456 nimiam
555 3392 729 3457 motionem
752 3392 849 3454 maris
873 3396 905 3454 et
919 3390 1159 3454 fluctuationem
1183 3389 1274 3472 galee

120 3521 232 3564 omnes
254 3502 445 3562 mercatores
477 3504 567 3563 erant
595 3498 724 3578 infirmi,
747 3502 943 3575 evomentes,
967 3501 998 3561 et
1032 3515 1091 3579 ego
1114 3495 1272 3575 similiter,

697 3647 713 3677 ἱ

194 3765 205 3816 l
228 3749 304 3817 llber
322 3760 396 3816 diese
414 3759 493 3815 stadt
512 3759 569 3830 agl.
588 3776 609 3814 s.
628 3761 663 3812 80
681 3757 700 3811 Ι.
794 3759 810 3811 2
831 3756 909 3810 Auch
929 3755 1012 3811 Fabri
1031 3757 1079 3821 ΙΙΙ,
1098 3759 1150 3813 336
1169 3757 1276 3828 spricbt

122 3868 175 3907 ron
194 3849 292 3906 diesen
312 3847 430 3918 billigen
449 3847 565 3918 praisen.
603 3835 676 3902 llber
703 3845 748 3901 die
774 3851 892 3900 mdnzen
919 3845 975 3899 und
1002 3845 1084 3900 ihren
1104 3849 1173 3901 rrert
1201 3845 1276 3900 siche

121 3941 192 3995 oben
214 3939 286 4006 ussl
308 3953 385 3992 anm.
403 3937 428 3990 2.
534 3936 550 3990 3
579 3933 663 3989 Fabri
683 3934 730 3998 ΙΙΙ,
756 3934 823 3988 334:
856 3933 1048 3988 »obtenebrati
1072 3937 1139 3988 sunt
1159 3933 1228 3988 coeli
1247 3935 1277 3987 et

121 4029 275 4098 coeperunt
293 4041 435 4081 coruscare
453 4025 569 4094 fulgura
587 4027 616 4079 et
635 4022 744 4094 mugire
756 4022 882 4077 tonitrua
901 4023 962 4077 tam
981 4021 1063 4092 gravi
1081 4021 1183 4084 sonltu,
1203 4020 1276 4074 sicut

122 4131 333 4186 menumquam
357 4113 495 4169 audivisse
521 4113 661 4169 memini«.
767 4115 784 4164 4
812 4109 896 4165 Fabri
916 4127 940 4164 a
961 4125 986 4164 e.
1004 4127 1028 4164 o.
1048 4107 1119 4164 weiss
1147 4124 1201 4161 nur
1220 4123 1274 4162 von

120 4205 210 4261 einem
231 4205 322 4259 toteu.
428 4201 493 4255 51n
512 4201 575 4255 dem
594 4203 670 4254 satae
689 4199 733 4254 bei
753 4197 836 4252 Fabri
856 4197 904 4262 ΙΙΙ,
924 4199 990 4252 843:
1010 4195 1077 4249 »nie
1096 4193 1181 4253 xvr1.
1200 4209 1273 4262 quoe

119 4299 179 4352 esto
188 4291 342 4363 Sapientia
351 4291 434 4359 juxta
444 4289 637 4344 calendarium
647 4291 799 4351 nostrum«,
811 4285 931 4340 welches·
943 4283 973 4337 in
986 4281 1076 4336 dieser
1091 4283 1160 4336 form
1174 4279 1275 4336 keinen

119 4383 182 4437 sinn
202 4383 271 4443 hat,
301 4395 376 4432 musa
394 4395 422 4433 es
445 4377 560 4432 heissenr
589 4392 676 4445 »quae
694 4379 751 4430 est:
775 4373 989 4444 OSapieutia«.
1028 4369 1081 4424 uit
1100 4367 1153 4424 den
1172 4370 1278 4424 werten

119 4467 310 4544 OSapientia
328 4465 446 4538 beginnt
466 4465 589 4521 ntmlich
608 4483 655 4520 am
675 4465 705 4520 17
720 4463 782 4518 Dec.
801 4463 846 4517 die
861 4459 1007 4531 Antiphon
1025 4475 1088 4512 rrum
1107 4455 1277 4528 Magnilloet.
