3056 4944
640 327 698 392 101

102 502 248 584 potentia,
271 523 385 570 amena
409 503 442 568 in
458 505 532 584 situ,
555 501 650 568 fortis
665 501 698 566 in
714 506 886 582 structura,
909 502 1032 569 divitiis
1047 504 1152 589 plena,
1174 506 1240 572 vic-

102 606 139 692 [p.
160 604 366 694 52]tualibns
389 608 521 692 repleta.

181 710 220 776 In
245 712 302 778 illa
320 714 453 780 civitate
467 713 592 799 Joppen
616 713 693 778 fecit
707 718 835 779 sanctus
851 713 965 778 Petrus
988 715 1053 781 tria
1075 716 1155 782 hene
1176 737 1242 783 me·

100 817 190 882 noris
215 819 475 885 commendanda.
521 819 630 886 Primo
654 820 855 886 resuscitavit
877 822 1038 885 mortuam
1060 843 1175 902 unam,
1204 822 1242 887 de

101 943 155 1006 qua
176 923 314 1008 legimus
330 926 470 990 Actuum
491 946 585 992 nono.
632 924 709 990 Erat
732 927 765 990 in
780 923 908 1009 Joppen
928 926 1063 1010 quedam
1086 925 1242 1010 discipula

100 1025 222 1109 Christi,
247 1030 377 1096 nomine
399 1030 517 1098 hebreo
531 1031 657 1111 Tabite,
680 1032 734 1096 sed
755 1033 883 1098 nomine
904 1030 1075 1116 gentilium
1092 1029 1241 1097 Dorchas.

100 1130 159 1198 Hec
174 1137 244 1199 erat
259 1135 356 1218 plena
372 1135 551 1202 elemosinis
574 1143 608 1202 et
621 1143 750 1203 mortua
771 1148 829 1203 est.
875 1135 956 1201 Cum
971 1141 1078 1202 autem
1094 1137 1242 1202 audirent

97 1237 190 1323 aliqui
206 1237 396 1322 Christiani,
419 1243 501 1328 quod
525 1248 652 1308 sanctus
674 1241 790 1308 Petrus
813 1246 896 1307 esset
918 1242 952 1306 in
969 1239 1079 1325 Lydda
1101 1240 1241 1321 civitate,

80 1333 154 1427 ‘qne
175 1349 224 1408 est
247 1367 349 1430 prope
364 1345 502 1431 Joppen,
524 1348 681 1413 miserunt
695 1349 806 1413 statim
829 1349 906 1414 duos
925 1350 1075 1431 rogantes
1097 1367 1170 1410 eum
1192 1345 1241 1410 di-

99 1461 213 1513 centes:
239 1447 311 1514 »Ne
333 1451 500 1535 pigriteris
515 1453 626 1517 venire
649 1452 688 1516 ad
711 1473 799 1517 nos«.
845 1449 964 1516 Statim
979 1470 1112 1534 surgens
1128 1449 1241 1516 Petrus

98 1553 150 1618 isit
171 1575 245 1620 cum
268 1553 343 1620 illis.
390 1555 432 1620 Et
453 1577 524 1644 cum
541 1555 831 1642 venissetJoppen,
854 1557 1013 1621 duxerunt
1028 1577 1101 1620 eum
1123 1555 1163 1620 ad
1177 1553 1240 1620 Ta-

99 1657 189 1724 hitam
204 1664 377 1740 mortuam,
402 1665 434 1726 st
450 1662 691 1728 circumstantes
707 1683 816 1728 omnes
831 1661 924 1726 vidue
944 1661 1056 1725 flentes
1079 1664 1112 1725 et
1134 1665 1240 1726 osten·

100 1763 200 1826 dentes
223 1769 347 1843 restes,
371 1786 450 1850 quas
472 1766 591 1832 fecerat
613 1767 679 1832 illis
702 1767 853 1833 Dorchas.
899 1765 940 1830 Et
963 1765 1071 1830 eiectis
1093 1765 1240 1831 omnibus

100 1873 177 1938 lorus
198 1873 305 1938 oravit
331 1880 460 1942 sanctus
482 1877 597 1942 Petrus
624 1877 714 1943 flexis
743 1878 879 1965 genibus
909 1876 1065 1942 addeum
1092 1879 1126 1940 et
1149 1871 1241 1936 finita

98 1977 234 2044 oratione
264 1983 423 2047 convertit
454 2003 488 2048 se
521 1983 560 2048 ad
583 1981 731 2048 Tabitam
754 1983 877 2048 dicens:
915 1979 1072 2046 ›Thabita
1104 1978 1238 2062 surget<

99 2079 135 2147 llt
155 2083 212 2148 illa
234 2086 347 2152 statim
370 2089 519 2172 apperuit
546 2089 653 2154 oculos
684 2089 847 2154 stridens
870 2086 1003 2152 Petrum
1025 2083 1152 2149 resedit.
1198 2079 1241 2144 Et

80 2183 206 2254 ·Petrus
227 2192 356 2256 vocavit
379 2213 487 2258 omnes
509 2193 620 2258 viduas
643 2197 675 2258 et
697 2199 823 2259 sanctos
846 2197 879 2258 et
902 2191 1077 2276 assignavit
1100 2211 1169 2254 eam
1193 2188 1239 2254 vi-

100 2314 172 2358 ram.
217 2295 260 2360 lit
292 2295 352 2361 hoc
374 2297 563 2364 miraculum
586 2299 788 2382 divulgatum
817 2303 865 2364 est
892 2319 951 2383 per
978 2301 1080 2362 totam
1101 2293 1239 2378 Joppen,
1298 2347 1302 2354 .

100 2401 129 2460 at
149 2400 241 2464 multi
257 2401 462 2467 crediderunt
484 2405 517 2468 in
535 2402 697 2470 Christum
713 2405 733 2470 ¹.
780 2403 823 2469 Et
845 2404 969 2469 demum
986 2401 1100 2466 Petras
1121 2399 1239 2464 multos

100 2503 158 2570 dias
178 2507 367 2573 morabatur
389 2509 423 2572 in
445 2507 573 2594 Joppen
596 2511 680 2594 apud
696 2507 858 2575 Simonem
879 2507 1048 2587 corariam,
1071 2506 1160 2572 onius
1182 2505 1238 2570 do·

98 2617 252 2677 macerat
275 2613 366 2678 iuxta
389 2636 484 2681 mare.
529 2613 672 2681 Secundo
703 2616 814 2680 beatus
837 2614 951 2680 Petrus
973 2611 1150 2697 predicavit
1181 2631 1240 2695 per

101 2713 150 2778 hos
164 2717 229 2780 dies
252 2719 288 2781 in
302 2715 430 2804 Joppen
453 2723 486 2785 st
500 2721 659 2785 convertit
673 2720 791 2786 multos
807 2721 846 2784 ad
861 2720 966 2786 fidem.
1012 2717 1126 2802 Ibique
1140 2737 1237 2801 pren·

99 2817 171 2885 didit
185 2821 307 2905 pisces;
330 2845 407 2888 nam
421 2825 460 2889 ad
475 2847 576 2890 unum
590 2825 716 2890 miliare
731 2824 877 2890 italicum
893 2824 987 2890 hodie
1001 2823 1129 2888 videtur
1144 2823 1237 2904 petra

99 2923 127 2986 in
149 2925 258 2992 littore
281 2929 395 3008 maris,
418 2930 450 2994 in
475 2952 538 3015 qna
561 2931 653 2995 stetit
674 2931 713 2995 cd
736 2929 922 3015 piscandum
944 2929 1045 3014 pisces
1060 2924 1083 2991 ².
1128 2925 1238 2991 Tertio

101 3025 206 3095 Petrus
229 3031 346 3098 habuit
369 3033 401 3097 in
423 3031 549 3118 Joppen
572 3035 728 3100 visionem
761 3035 800 3100 de
822 3033 889 3100 celo
917 3033 956 3098 de
977 3030 1178 3115 susceptione
1200 3029 1238 3094 ad

100 3133 185 3199 fidem
206 3135 417 3202 christianam
438 3138 581 3204 omniurn
599 3139 775 3204 volentium
798 3141 831 3203 et
852 3136 978 3202 nullum
1000 3135 1161 3201 hominem
1184 3135 1237 3199 de-

98 3236 180 3304 beret
202 3243 375 3326 reprohare
396 3243 447 3308 vel
468 3264 626 3328 spernere.
671 3243 714 3310 Et
736 3244 774 3308 de
801 3243 861 3308 hac
882 3242 1004 3308 risione
1025 3240 1146 3326 legitur
1171 3239 1234 3305 Ac·

99 3349 181 3410 tuum
202 3346 347 3430 capitulo
367 3349 422 3414 10:
446 3347 525 3414 Cum
540 3347 655 3414 Petrus
675 3354 756 3414 esset
779 3349 813 3412 in
836 3347 929 3414 domo
945 3345 1083 3412 Simonis
1098 3345 1235 3426 coriarii,

100 3447 168 3514 hora
183 3458 274 3517 sexta
288 3453 430 3519 ascendit
445 3455 610 3538 superiora
624 3454 746 3534 domus,
769 3456 807 3518 ut
821 3457 939 3530 oraret,
963 3456 995 3516 et
1013 3451 1126 3516 cecidit
1141 3471 1237 3536 super

99 3575 161 3620 eum
183 3558 301 3623 mentis
323 3580 483 3640 excessus,
512 3560 649 3625 stridit
678 3559 780 3625 celum
809 3563 957 3644 apertum
990 3561 1022 3622 et
1050 3557 1238 3622 descendere

100 3679 146 3724 raa
165 3663 257 3728 velud
282 3662 442 3728 lintheum
465 3684 618 3747 magnum
640 3663 678 3728 de
700 3663 767 3728 celo
790 3665 824 3728 in
846 3669 967 3728 terram
988 3661 1077 3727 mitti
1099 3665 1237 3746 quatuor

100 3763 200 3848 initiis,
223 3769 258 3834 in
282 3773 459 3854 quaerant
481 3769 589 3834 omnia
611 3768 839 3854 quadrupedia,
861 3769 1022 3852 serpentia
1044 3772 1078 3833 st
1092 3765 1237 3832 volatilia

651 3895 671 3932 Ι·

100 3971 147 4030 Jer.
164 3976 185 4040 Ι,
202 3977 219 4030 2
239 3976 333 4031 lautet
360 3991 391 4030 er
409 3976 479 4046 lppu
508 3976 565 4031 und
583 3977 717 4033 badeutet
746 3976 846 4031 »hoff«.
882 3975 952 4032 Eine
976 3973 1165 4032 ansfhhrliche
1192 3971 1236 4028 be·

100 4061 256 4134 schreibnng
274 4081 330 4120 ron
356 4063 435 4118 stadt
461 4064 519 4119 nnd
538 4065 701 4135 umgehnng
718 4083 740 4120 s.
756 4065 788 4120 in
806 4063 907 4121 ZDPV.
926 4065 975 4127 111.
993 4065 1029 4118 44
1047 4064 1075 4117 ff.

164 4155 175 4206 1
197 4153 247 4208 Die
258 4151 399 4208 tradition
417 4153 486 4208 iiber
504 4152 636 4208 dashaus
655 4153 705 4210 der
717 4153 842 4208 Tabitha
859 4153 897 4208 ist
909 4153 972 4208 sehr
990 4151 1042 4206 alt.
1077 4147 1157 4204 Tobl.
1169 4147 1235 4218 Top.

101 4235 131 4302 ll,
148 4239 198 4296 630
216 4240 234 4294 Ι.
341 4241 358 4294 2
377 4239 477 4311 Einige
493 4241 586 4311 pilgar
601 4241 732 4312 corlegen
750 4241 845 4297 hishar
863 4257 947 4310 sogar
964 4237 1010 4292 die
1029 4235 1171 4306 herufung
1187 4234 1236 4290 dea

100 4323 190 4381 Petrus
208 4327 267 4382 und
284 4327 424 4392 Andreas,
454 4329 559 4385 welche
585 4329 656 4386 doeh
673 4331 746 4385 nach
774 4329 838 4385 dem
857 4328 957 4402 klaren
975 4324 1111 4381 wortlaut
1128 4323 1178 4380 der
1196 4323 1236 4380 hl.

101 4411 189 4469 schrift
208 4431 255 4470 am
272 4432 318 4472 sea
335 4415 507 4472 Genesareth
526 4416 678 4477 stattfand.
713 4417 792 4475 Tobl.
810 4415 878 4488 Top.
897 4414 932 4480 Il,
951 4412 1002 4468 627
1021 4409 1050 4467 ff.
