3054 4942
803 324 867 389 216

260 522 445 565 raeenorum
464 500 493 576 1;
525 501 571 564 ibi
600 504 670 564 erat
696 505 829 584 puteus,
866 501 919 565 sed
944 521 1028 585 aqua
1050 503 1118 564 erat
1140 499 1258 564 salseta
1290 505 1323 564 et
1345 501 1413 566 sole

259 605 359 671 bestie
382 606 548 684 biberunt,
582 610 615 670 et
637 626 694 670 nos
724 627 761 670 eo
785 605 837 669 die
860 626 923 670 non
947 605 1127 670 invenimus
1149 627 1263 689 aquam
1288 605 1410 671 dulcem

259 733 316 775 neo
338 711 433 774 aliam
451 709 472 774 ².
520 709 604 774 Item
627 710 659 773 in
686 709 845 774 dominica
868 709 953 773 inira
977 713 1104 773 octavas
1127 710 1227 773 saneti
1252 708 1277 772 F
1279 711 1412 776 ranoisci

264 816 296 899 [5
321 815 407 898 Oet]
431 816 645 901 equitavimus
669 816 701 878 in
723 815 852 898 magnis
875 815 1035 880 caloribus
1062 815 1150 878 etin
1173 814 1297 894 labore,
1329 815 1413 881 fame

263 926 295 984 et
317 921 372 984 siti
396 941 452 1003 per
477 921 593 984 multas
616 919 768 1003 planities
800 925 832 984 et
855 919 1087 998 infructuosas,
1120 924 1151 982 et
1181 941 1239 1003 per
1270 921 1413 1005 quinque

262 1025 328 1089 dies
344 1047 507 1110 nunquam
524 1026 661 1090 vidimus
675 1025 818 1109 aliquam
834 1025 979 1089 arborem
1005 1024 1070 1088 sive
1093 1024 1235 1090 fertilem
1257 1027 1324 1090 sive
1347 1031 1412 1091 ste·

264 1129 367 1194 rilem.
414 1130 455 1193 Et
470 1131 539 1213 ipsa
563 1131 612 1195 die
629 1131 713 1196 eirea
729 1131 894 1194 meridiem
910 1130 1092 1194 invenimus
1107 1131 1197 1194 iuxta
1212 1132 1295 1196 viam
1312 1155 1412 1197 unum

259 1235 402 1320 ydolum,
420 1235 476 1300 sol.
490 1239 647 1319 quandam
660 1235 844 1320 ymaginem
859 1234 976 1300 factam
993 1240 1077 1299 stare
1092 1235 1126 1298 in
1138 1236 1272 1319 quadam
1291 1237 1336 1322 [p.
1354 1238 1412 1322 99]

265 1339 417 1424 spelunea
439 1363 547 1424 parva,
571 1342 621 1405 oui
645 1339 746 1406 Arabi
770 1341 871 1420 rudes,
894 1345 1055 1405 morantes
1079 1341 1112 1404 in
1131 1341 1265 1421 deserto,
1289 1343 1413 1408 faciunt

261 1447 462 1511 adorationes
486 1449 519 1512 et
532 1447 713 1512 oblationes
736 1447 768 1510 in
785 1446 850 1510 suis
867 1447 1027 1511 erroribus
1038 1444 1061 1512 ⁸.
1110 1445 1177 1511 Nos
1194 1469 1320 1532 quoque
1335 1471 1410 1533 pre·

258 1551 446 1630 terivimus;
481 1572 540 1636 ego
564 1556 667 1616 autem
692 1552 781 1634 quasi
806 1552 938 1616 ultimus
961 1553 1119 1636 applicavi
1144 1575 1210 1634 me,
1233 1562 1270 1617 ut
1293 1555 1412 1618 certius

259 1655 408 1736 viderem,
425 1661 457 1720 et
472 1658 535 1722 vidi
553 1657 756 1734 simulacrum
774 1656 893 1720 factum
906 1656 928 1722 ⁴.
974 1655 1057 1722 Item
1074 1658 1155 1723 feria
1170 1659 1309 1724 secunda
1324 1660 1411 1725 infra

258 1767 389 1827 octavas
421 1763 522 1826 saneti
549 1759 706 1827 Francisoi
732 1759 765 1849 [6
788 1759 873 1844 Oet]
897 1763 1093 1827 surreximus
1129 1787 1220 1828 mane
1250 1765 1340 1849 qussi
1377 1766 1411 1830 in

259 1867 364 1931 media
380 1871 483 1945 noete,
500 1871 532 1931 et
547 1867 687 1932 oneratis
700 1857 831 1932 'camelis
848 1872 880 1932 et
897 1869 1077 1952 preparatis
1092 1869 1189 1933 asinis
1205 1890 1277 1934 oum
1292 1891 1413 1954 magno

259 1971 377 2055 gaudio
402 1971 628 2056 equitavimus,
664 1977 829 2055 sperantes
851 1995 944 2038 mane
966 1975 1133 2058 pervenire
1156 1977 1193 2039 ad
1221 1974 1413 2062 Matreyam,

257 2076 319 2141 hoo
342 2077 452 2140 estad
475 2080 581 2141 ortum
605 2081 637 2141 et
660 2079 807 2156 domum,
840 2101 901 2163 que
931 2085 979 2144 est
1001 2080 1092 2144 iuxta
1114 2079 1254 2161 fontem,
1283 2081 1316 2145 in
1348 2105 1414 2167 quo

260 2180 355 2246 beata
377 2182 469 2265 virgo
494 2181 596 2247 Maria
618 2182 698 2246 lavit
713 2205 847 2267 puerum
864 2182 1002 2264 Ihesum,
1025 2187 1153 2268 quando
1176 2185 1236 2250 ivit
1259 2187 1293 2250 in
1310 2186 1413 2272 Egip-

257 2290 338 2354 tum.
386 2287 427 2352 Et
449 2288 484 2351 in
506 2309 631 2364 aurora,
656 2310 727 2352 oum
751 2289 853 2353 adhue
875 2293 979 2354 essent
1001 2291 1142 2368 tenebre,
1165 2291 1331 2375 equitabat
1356 2293 1413 2357 do·

259 2392 366 2455 minus
384 2391 587 2457 Bernhardus
611 2393 649 2457 de
666 2392 894 2478 Breydenbaoh
921 2395 953 2458 in
971 2395 1090 2461 oamelo
1113 2401 1144 2460 et
1162 2396 1301 2479 perdidit
1317 2398 1412 2480 quasi

260 2497 412 2562 ducentos
436 2499 576 2578 ducatos,
600 2519 679 2582 quos
695 2499 777 2562 olam
800 2499 920 2583 reperit
937 2501 1066 2584 quidam
1081 2499 1272 2566 Sarracenus
1296 2504 1329 2565 et
1352 2502 1412 2567 ab·

260 2602 401 2678 scondit3
426 2603 478 2668 hio
494 2601 684 2668 Sarracenus
707 2625 770 2667 non
795 2607 865 2668 erat
887 2588 925 2669 de
941 2607 1068 2686 nostris,
1092 2612 1125 2670 et
1148 2606 1250 2670 invia
1271 2628 1310 2670 ex
1333 2627 1410 2672 oasu

261 2707 349 2780 venit
372 2709 411 2774 ad
435 2731 491 2773 nos
515 2731 587 2775 oum
603 2708 724 2773 duobus
751 2709 880 2774 oamelis
903 2709 1011 2776 volens
1034 2712 1081 2775 ire
1094 2710 1281 2796 Alkayrum.
1329 2710 1411 2778 Cum

258 2817 365 2878 autem
388 2813 473 2877 faeta
507 2819 589 2878 esset
613 2814 696 2893 dies,
731 2819 880 2898 expertus
904 2821 952 2880 est
975 2816 1121 2880 dominus
1145 2815 1351 2881 Bernhardus
1375 2839 1411 2883 se

259 2919 431 3002 perdidisse
446 2939 536 2985 suam
551 2921 729 3004 pecuniam,
746 2925 868 2986 terrore
880 2943 1044 3004 percussus
1058 2921 1207 3005 prosiluit
1223 2921 1261 2986 de
1278 2922 1414 3005 camelo,

835 3084 852 3117 ὕ

257 3180 363 3236 wieder
376 3181 509 3236 teilweise
522 3182 705 3252 hergestellte
717 3183 776 3237 und
789 3183 1020 3239 wabrsoheiulioh
1038 3185 1122 3238 untur
1135 3183 1237 3238 Darius
1250 3185 1414 3243 volleudete

257 3267 344 3323 lrsnal
365 3267 497 3338 gemeint.
535 3269 625 3326 Gbist.
644 3273 695 3325 215
714 3272 822 3341 spriobt
841 3272 915 3326 auoh
933 3290 988 3328 von
1006 3272 1081 3336 ibrn,
1101 3272 1262 3328 bezeichnet
1279 3274 1348 3329 aber
1367 3275 1411 3330 als

261 3355 351 3410 aweek
370 3355 513 3411 desselben
542 3355 620 3411 nieht
647 3357 702 3412 den
720 3356 768 3412 Nil
788 3357 907 3414 sondern
934 3357 985 3412 das
1003 3359 1245 3415 mittellandisehe
1263 3377 1339 3416 maer
1356 3363 1413 3417 mit

258 3444 321 3497 dem
340 3445 421 3498 roten
440 3459 531 3498 meere
549 3462 582 3497 zu
601 3445 763 3502 verbinderu
800 3445 855 3500 Der
873 3447 942 3515 plan
961 3445 999 3500 sei
1019 3447 1194 3516 autgegeben
1207 3447 1327 3512 worden,
1346 3450 1410 3504 weil

256 3531 309 3585 das
328 3531 431 3585 letaere
449 3530 606 3586 bedeutend
625 3533 712 3586 hober
731 3533 805 3603 liege
824 3533 867 3588 als
886 3533 937 3587 das
955 3535 1067 3597 erstere,
1087 3534 1148 3589 eine
1167 3534 1285 3598 ansiobt,
1304 3535 1411 3592 weloba

258 3618 316 3673 siob
335 3617 379 3672 bis
399 3635 460 3672 aum
479 3617 550 3672 ende
568 3617 615 3674 des
635 3619 752 3690 rotigen
766 3621 861 3690 jahrb.
881 3621 1010 3676 erbalten
1027 3622 1088 3677 hat.
1126 3621 1208 3678 Baed.
1227 3624 1280 3678 453
1299 3622 1328 3678 ff.

330 3707 342 3759 l
363 3704 419 3759 Das
437 3705 553 3774 heutige
580 3706 637 3762 fort
656 3707 769 3777 Agrud,
790 3709 907 3764 welches
933 3709 978 3764 dia
997 3725 1118 3764 neueren
1144 3709 1269 3765 iorsober
1295 3711 1342 3765 far
1360 3711 1412 3766 das

258 3793 326 3849 bibl.
347 3791 525 3848 Pihaohirott
545 3792 652 3848 balten.
688 3795 765 3850 Baed
783 3795 845 3850 498.
881 3797 966 3851 Fabri
985 3797 1019 3862 Il,
1039 3796 1091 3852 542
1109 3799 1196 3852 nennt
1214 3797 1265 3852 das
1283 3798 1412 3868 gebaude

258 3881 336 3936 nieht
355 3897 465 3934 musoea
485 3881 605 3936 sondern
619 3883 753 3953 riohtiger
766 3883 949 3941 diversorium
968 3885 1025 3939 und
1039 3883 1177 3940 bariohtet
1197 3885 1263 3940 fiber
1282 3885 1410 3942 brunnen

259 3968 317 4023 und
330 3984 432 4022 wasser
450 3967 503 4022 wie
518 3968 648 4024 Waltber
668 3988 722 4024 nur
740 3973 827 4026 etwas
852 3971 1063 4028 auslfihrlioher.
1095 3972 1164 4027 Vom
1182 3973 1252 4027 ende
1270 3972 1319 4028 des
1329 3977 1411 4029 roten

259 4072 362 4111 moeres
382 4075 419 4111 an
438 4074 524 4126 aogen
544 4075 644 4113 ansere
662 4059 755 4128 pilger
775 4060 826 4114 auf
841 4060 890 4114 der
909 4076 964 4114 von
985 4061 1069 4116 Kairo
1088 4060 1161 4114 naob
1179 4059 1282 4115 Maliba
1299 4061 1412 4116 fdhren·

260 4145 315 4200 den
334 4143 532 4215 pilgerstralle,
551 4143 609 4200 und
629 4163 657 4200 es
676 4146 851 4216 begegneten
870 4146 1020 4203 denselben
1049 4148 1120 4202 auoh
1139 4147 1410 4218 pilgerlrarawanen.

258 4234 275 4288 2
305 4232 365 4287 Den
392 4235 437 4288 ort
465 4233 513 4288 des
532 4234 714 4304 naobtlagers
733 4237 822 4290 neunt
841 4235 925 4289 Fabri
944 4253 968 4290 a.
989 4253 1015 4292 a.
1034 4253 1056 4290 o.
1077 4233 1176 4290 Oboas.
1281 4237 1298 4291 8
1327 4237 1411 4293 Fabri

259 4321 388 4375 erwabnt
407 4320 495 4377 dieses
512 4322 619 4378 idolum
638 4323 723 4379 nieht.
813 4327 831 4378 4
850 4324 905 4378 Der
923 4327 968 4380 ort
986 4323 1033 4379 des
1052 4323 1232 4394 naehtlagerr
1251 4323 1316 4379 biess
1336 4327 1409 4380 nach

259 4409 343 4462 Fabri
362 4408 398 4475 ll,
420 4411 469 4466 545
488 4409 641 4476 Maffraob3
661 4411 812 4467 denselben
831 4429 934 4467 namen
952 4413 1003 4466 hat
1022 4412 1093 4467 auch
1111 4410 1193 4466 Harff
1211 4413 1269 4467 117.
