3054 4942
665 343 728 410 237

119 521 158 586 ad
175 519 387 584 Baruthum‹.
427 515 485 582 Cui
501 516 623 582 confeci
639 516 783 581 litteram
798 521 929 599 propter
944 517 1047 597 deum,
1064 519 1153 584 cuius
1169 517 1272 584 forma

120 627 194 692 talis
228 630 292 692 est:
323 624 575 710 Superscriptio:
610 621 793 687 Reverendo
827 621 860 684 in
885 619 1013 688 Christo
1040 625 1145 708 patri,
1176 625 1271 692 fratri

120 731 219 798 Paulo
242 733 280 796 de
302 731 438 808 (taneto,
462 730 640 811 benedigno
663 729 817 812 gurdiano
840 733 1012 794 conventus
1034 734 1153 796 montis
1175 730 1271 818 Syon,

118 858 174 902 suo
203 836 291 919 patri
322 838 382 900 etc.
428 834 641 917 Subscriptio:
674 831 788 897 Frater
811 832 928 898 Paulus
952 831 1112 900 Waltberi
1135 838 1174 902 de
1197 860 1271 922 pro-

121 941 222 1006 vincia
240 942 419 1025 Argentina
439 945 543 1004 vestre
566 938 771 1022 paternitatis
786 938 985 1004 humillimus
1009 945 1068 1004 etc.
1114 940 1269 1008 Obedien-

119 1048 195 1111 tiam
212 1048 428 1112 omnimodam
452 1049 484 1110 et
499 1067 622 1110 omnem
640 1044 849 1108 reverentiam
874 1064 944 1107 cum
968 1046 1017 1110 sui
1034 1046 1134 1131 ipsius
1150 1069 1270 1112 recom-

118 1153 320 1218 mendatione
345 1173 404 1234 pro
419 1151 622 1216 salutatione.
658 1149 839 1214 Reverendo
862 1153 969 1232 pater!
993 1149 1125 1216 Proreus
1150 1154 1272 1220 baiulus

119 1257 212 1322 huius
236 1257 344 1322 littere
366 1278 423 1341 per
445 1256 543 1342 longa
566 1261 711 1340 tempora
746 1259 778 1320 et
800 1275 900 1318 annos
923 1254 1078 1338 plurimos
1107 1259 1141 1322 in
1165 1280 1272 1324 errore

119 1363 342 1446 abnegationis
365 1363 437 1426 fidei
462 1361 616 1426 catholice
631 1381 761 1445 vagans,
785 1381 823 1424 ex
839 1359 1049 1443 inspiratione
1066 1368 1172 1428 tamen
1196 1365 1271 1429 boni

119 1466 253 1549 spiritus
276 1467 422 1550 pervenit
446 1467 484 1530 ad
500 1466 614 1544 lucem,
638 1485 865 1548 recognoscens
880 1465 1058 1547 periculum
1080 1468 1184 1534 anime
1207 1491 1271 1546 sue,

121 1571 235 1636 timore
260 1571 310 1634 dei
333 1591 516 1654 percussus,
541 1572 672 1652 sponte,
704 1589 797 1632 causa
820 1568 869 1632 dei
893 1571 925 1632 et
947 1569 988 1634 ob
1010 1570 1142 1636 salutem
1167 1573 1272 1637 anime

119 1697 173 1740 sue
197 1677 417 1762 derelinquere
441 1676 626 1760 paganicam
651 1675 789 1738 heresim
811 1675 966 1752 intendit,
990 1678 1023 1739 et
1045 1675 1216 1760 confugere
1238 1679 1271 1742 in

120 1781 254 1846 instanti
277 1783 315 1846 ad
341 1782 497 1864 gremium
521 1783 628 1845 sancte
662 1781 776 1844 matris
798 1780 944 1858 ecclesie,
969 1780 1105 1844 velocius
1129 1803 1192 1866 quo
1214 1804 1271 1866 po-

120 1887 206 1963 terit,
231 1886 320 1950 velit.
366 1884 445 1950 Cum
478 1891 583 1950 autem
616 1886 753 1969 gaudere
776 1883 934 1966 optimum
967 1884 1004 1948 de
1028 1886 1193 1952 reinventa
1214 1910 1273 1954 ove

120 1991 264 2073 perdita,
297 1994 330 2055 et
361 1993 462 2063 maius
484 1989 674 2054 sacrificium
703 2011 798 2072 super
828 1989 935 2053 omnia
956 1991 1111 2055 sacrificia
1132 2015 1194 2058 non
1219 1995 1271 2075 sit,

121 2117 215 2179 quarn
247 2100 411 2181 reportare
439 2095 577 2160 animam
608 2094 749 2177 pretioso
779 2094 934 2176 sanguine
957 2093 1052 2160 Ibesu
1074 2092 1194 2161 Christi
1222 2121 1272 2163 re-

121 2199 284 2284 demptam
306 2202 346 2265 ad
361 2201 444 2266 ovile
459 2201 632 2265 christiane
648 2199 823 2284 religionis,
847 2205 879 2262 et
901 2221 971 2264 cum
993 2200 1080 2266 natio
1096 2202 1192 2266 etiam
1215 2226 1271 2268 ne-

122 2307 202 2372 tioni
226 2309 270 2372 sit
291 2309 473 2392 specialiter
488 2306 652 2383 inclinata,
676 2305 734 2369 bec
753 2306 837 2382 sunt,
862 2325 923 2388 que
937 2311 1106 2370 moverunt
1128 2329 1179 2371 me
1194 2309 1271 2374 sori·

123 2411 196 2476 bere
210 2419 317 2478 vestre
340 2413 540 2496 paternitati,
564 2433 680 2497 rogans
696 2410 871 2488 humiliter,
894 2415 931 2474 ut
947 2415 1051 2475 vestra
1074 2411 1152 2476 bene
1175 2414 1273 2500 digna

124 2519 300 2600 paternitas
322 2519 401 2584 velit
425 2540 491 2584 esse
513 2525 677 2602 promotor
708 2517 740 2579 in
764 2515 968 2598 possibilibus
991 2521 1056 2580 tam
1086 2517 1119 2580 in
1142 2539 1271 2600 persua-

121 2623 264 2688 sionibus
287 2623 510 2708 spiritualibus
543 2645 639 2708 quam
669 2622 766 2686 etiam
797 2622 830 2684 in
855 2620 1021 2686 adiutoriis
1043 2624 1271 2705 corporalibus.

121 2727 239 2810 Spero,
268 2729 351 2813 quod
375 2731 407 2793 in
431 2730 491 2794 hoc
513 2730 571 2794 deo
595 2732 722 2812 gratum
746 2727 870 2791 facietis
903 2726 1067 2790 servitium
1104 2727 1272 2813 animeque

121 2837 225 2897 vestre
247 2855 311 2898 non
327 2833 486 2898 modicum
502 2833 652 2910 fructum,
674 2831 811 2895 salutem
834 2835 865 2896 et
881 2831 1034 2913 gaudium
1049 2834 1270 2915 procurabitis.

122 2936 190 3023 Ego
213 2939 299 3002 enim
322 2939 397 3002 novi
412 2939 598 3022 progeniem
621 2959 710 3001 suam
735 2937 812 3000 satis
829 2935 1006 3015 honestum,
1029 2937 1175 3023 civesque
1197 2945 1272 3003 sunt

122 3043 309 3108 Basiliensis
324 3045 464 3109 civitatis
488 3049 520 3108 et
542 3043 647 3108 ordini
663 3045 773 3106 nostro
790 3041 928 3106 multum
946 3041 1148 3108 favorabiles.
1196 3043 1271 3108 Post

121 3149 250 3232 singula
279 3155 311 3214 et
334 3171 458 3232 semper
487 3149 544 3214 deo
567 3149 652 3232 patri
677 3145 724 3234 [p.
750 3147 828 3230 109]
864 3151 896 3210 et
918 3147 985 3212 filio
1014 3148 1081 3211 eius
1104 3149 1272 3233 unigenito

121 3253 217 3320 lbesu
240 3253 370 3320 Christo
399 3261 430 3318 et
458 3275 513 3318 sue
547 3253 697 3339 genitrici
720 3251 821 3316 Marie
855 3274 909 3316 vos
933 3257 1116 3337 vestrosque
1147 3252 1272 3318 solicite

120 3360 320 3426 orationibus
343 3361 420 3424 meis
437 3360 670 3436 recommendo,
693 3357 853 3424 confidens
875 3379 944 3420 mee
961 3379 1095 3441 persone
1117 3380 1180 3424 non
1204 3381 1271 3424 esse

122 3467 288 3532 immemor
323 3465 355 3530 in
379 3466 492 3530 vestris
525 3465 640 3530 divinis
662 3463 788 3530 officiis.
834 3461 925 3526 Datis
960 3462 993 3524 in
1018 3462 1161 3548 Alkayro
1188 3487 1272 3530 anno

121 3573 241 3637 domini
268 3571 352 3636 1483
374 3573 407 3634 in
431 3571 482 3636 die
507 3569 589 3635 Luce
613 3570 816 3652 ewangeliste
831 3569 850 3634 ¹.

209 3676 292 3740 ltem
304 3678 337 3740 in
350 3675 507 3740 dominica
521 3676 667 3760 proxima
681 3678 754 3758 post
770 3675 884 3738 festum
902 3674 1004 3738 sancti
1020 3673 1104 3739 Luce
1116 3675 1172 3756 [19
1188 3673 1271 3760 Oct]

121 3783 205 3846 circa
229 3804 375 3865 vesperes
403 3783 542 3846 oneratis
570 3781 667 3845 asinis
700 3803 769 3845 cum
801 3781 894 3844 rebus
917 3781 1159 3866 peregrinorum
1182 3781 1270 3864 equi·

687 3914 707 3950 ξ

193 3991 206 4044 l
228 3991 284 4046 Der
298 3990 438 4046 ntmliche
455 3989 595 4046 mamelulr
614 3989 694 4044 hatte
713 3988 784 4044 auch
799 3987 882 4042 Fabri
896 3989 1086 4058 versprocben,
1104 4003 1153 4040 aur
1165 3985 1272 4042 christl.

122 4079 242 4150 religion
260 4079 503 4134 aurilckaulrebren
523 4081 554 4146 (s.
573 4079 623 4132 231
644 4095 718 4132 anm.
738 4079 773 4145 5).
810 4076 892 4130 Harff
902 4075 936 4132 86
950 4095 975 4128 ιι.
991 4077 1040 4130 110
1060 4076 1122 4127 trel·
1137 4073 1167 4126 in
1186 4072 1272 4128 Keiro

123 4169 192 4222 auch
212 4167 293 4223 einen
312 4165 491 4221 mamelulren
510 4181 559 4220 aus
578 4165 673 4228 Baeel,
693 4165 745 4221 mit
767 4181 869 4218 nemen
888 4163 1014 4226 conrad,
1042 4161 1091 4216 der
1109 4151 1220 4214 daniele
1237 4159 1272 4214 60

119 4255 200 4325 jabre
218 4255 263 4310 alt
282 4272 350 4310 war.
387 4255 427 4308 lst
451 4253 539 4308 dieser
564 4255 633 4325 (was
657 4253 721 4307 sehr
738 4251 968 4306 wabrscheinlioh
992 4248 1041 4318 ist)
1065 4247 1119 4300 mit
1144 4263 1270 4302 anserem

123 4343 257 4414 Seerogel
275 4341 423 4405 identisch,
442 4359 471 4397 so
484 4357 578 4396 waren
597 4340 692 4396 dassen
706 4337 1020 4409 bekehrangsrareucbe
1033 4334 1175 4390 entweder
1193 4333 1272 4390 nicht

122 4434 199 4486 eruat
216 4429 345 4502 gemeint
363 4429 430 4486 oder
447 4428 510 4484 sind
528 4429 606 4484 nicht
623 4427 766 4499 gegltlokt.
