3054 4944
670 343 731 411 281

126 522 217 590 loeus
232 522 385 588 visitetur
399 545 419 590 e
432 522 626 607 peregrinis,
649 526 698 587 est
713 523 834 588 bivium
850 522 884 586 in
900 522 1030 588 eivitete
1044 496 1164 607 ubsque
1185 522 1278 588 domo

127 649 184 693 neo
199 627 310 712 ulique
331 628 425 713 signe
439 627 560 712 oppetis
576 632 742 712 apparent.
788 627 831 694 Et
853 631 930 693 sunt
944 627 1063 692 ibidem
1078 627 1279 711 indulgentie

127 739 250 818 septem
273 755 429 799 annorum
453 739 486 798 et
507 739 629 818 septem
651 755 839 800 oerenerum
856 733 877 799 ².

128 887 174 953 De
199 889 281 969 loeo,
303 890 359 955 ubi
375 885 521 954 Christus
542 909 576 954 ee
590 889 689 954 vertit
711 889 750 954 ed
773 887 922 953 mulieres
944 887 1056 954 flentes
1078 911 1174 973 super
1197 908 1278 956 eum.

213 1097 221 1113 .
247 1097 256 1112 .
280 1099 288 1115 .
314 1046 361 1134 [p.
387 1047 468 1136 246]
493 1100 500 1115 .
526 1099 533 1113 .
559 1101 566 1115 .
613 1047 677 1114 Iste
699 1049 787 1114 loeus
816 1049 996 1113 ostenditur
1033 1053 1065 1114 et
1088 1049 1237 1114 visitetur
1260 1073 1279 1114 u

127 1153 305 1238 peregrinis
327 1159 360 1219 et
382 1159 430 1219 est
452 1154 486 1218 in
509 1158 610 1218 stratu
633 1153 762 1238 publice
793 1159 826 1220 et
859 1175 917 1219 nee
940 1154 1051 1219 domus
1075 1176 1132 1220 nee
1155 1155 1278 1238 ospello

125 1259 233 1344 ulique
250 1259 459 1344 significando
482 1258 527 1324 ibi
544 1258 698 1338 hebetur3
721 1262 755 1324 et
776 1264 851 1324 eunt
867 1259 1067 1343 indulgentie
1082 1265 1205 1344 sepiem
1221 1281 1277 1324 sn·

127 1386 240 1430 norum
264 1368 298 1430 et
319 1369 441 1449 septem
463 1385 648 1430 catenarum
664 1362 687 1428 ².

274 1467 426 1553 Sequitur
447 1491 532 1536 nuno
554 1471 592 1534 de
614 1471 707 1535 domo
729 1474 838 1535 eenole
860 1470 953 1534 vidue
977 1469 1142 1548 Veronioe,

261 1579 295 1640 et
318 1596 379 1660 que
402 1575 486 1640 factu
509 1577 584 1640 sunt
606 1597 663 1659 per
686 1575 848 1640 dominum
873 1573 1001 1640 lhesum
1024 1575 1151 1640 ibidem.

215 1679 316 1746 letern
338 1681 465 1746 domum
488 1681 673 1746 inhabitent
695 1680 758 1746 eeti
781 1678 946 1745 Ssrraeeni
970 1702 1033 1746 non
1057 1681 1279 1764 permittentes

129 1785 315 1869 peregrinos
331 1785 471 1862 intrere3
494 1787 548 1850 sed
571 1787 609 1852 de
626 1787 685 1852 hoe
701 1807 763 1851 non
779 1786 828 1850 vis
851 1793 908 1865 est,
931 1785 1006 1870 quia
1021 1785 1201 1850 ostenditur
1223 1807 1277 1869 pe—

129 1889 268 1972 regrinis
291 1890 369 1954 ioris
391 1891 424 1955 in
447 1891 571 1975 platee,
605 1891 659 1956 ubi
690 1890 886 1975 presumitur
909 1888 1071 1955 Christum
1093 1895 1202 1954 ennete
1224 1891 1277 1953 de·

128 1995 208 2059 disse
225 1993 382 2060 Veronioe
404 1995 517 2061 faeiem
537 2017 638 2062 suem.
684 1995 726 2060 Et
748 1999 825 2060 eunt
847 1994 963 2060 ibidem
985 1995 1185 2079 indulgentie
1206 2015 1277 2077 sep·

129 2106 192 2166 tem
217 2121 376 2166 annorum
400 2105 432 2166 et
454 2105 575 2185 septem
599 2123 787 2166 eerenarum
801 2099 825 2164 ⁸.

176 2205 226 2292 [p.
247 2203 327 2290 247]
355 2203 401 2270 De
423 2210 525 2289 porte,
548 2229 605 2290 per
628 2229 723 2291 quem
747 2205 893 2272 Christus
916 2206 980 2270 fuit
1002 2205 1114 2270 duetus
1138 2208 1228 2270 extre

320 2311 493 2390 civitatem,
516 2313 549 2375 et
572 2311 604 2376 in
629 2312 735 2376 eedem
759 2311 873 2376 oeeidit
894 2311 954 2375 sub
976 2331 1077 2374 ernee.

217 2465 223 2478 .
248 2465 255 2480 .
282 2468 288 2481 .
314 2417 495 2501 gradientes
516 2416 604 2482 ultro
626 2417 821 2482 ascendendo
852 2421 991 2482 montem
1015 2417 1172 2480 venerunt
1193 2413 1279 2478 inire

127 2525 262 2604 portum,
287 2543 349 2606 que
371 2520 594 2604 appellabatur
616 2527 711 2606 porte
733 2521 828 2604 regie,
851 2525 888 2586 ut
911 2521 1048 2586 hebetur
1071 2518 1204 2584 Neemie
1226 2541 1277 2584 oe·

128 2625 232 2708 pitulo
249 2627 279 2706 3,
299 2649 361 2712 que
384 2630 453 2691 eret
476 2647 585 2691 versus
608 2625 801 2711 aquilonem,
824 2627 913 2691 euius
936 2647 1010 2709 pers
1032 2625 1136 2689 adhue
1151 2625 1277 2688 videtur

126 2753 145 2796 e
167 2731 364 2816 peregrinis,
395 2732 521 2816 quondo
544 2734 717 2796 escendunt
739 2753 837 2816 supre
859 2731 1024 2796 ecelesiam
1047 2731 1150 2796 saneti
1172 2729 1278 2814 sepul-

126 2835 206 2900 ehri.
253 2835 296 2900 Et
318 2837 430 2902 dieunt
452 2837 617 2916 nonnulli,
649 2835 777 2902 Ihesum
810 2839 869 2902 sub
899 2837 957 2902 ille
979 2841 1073 2921 porte
1104 2835 1163 2900 sub
1186 2855 1278 2900 oruee

126 2942 243 3006 iterum
268 2941 416 3006 oeeidisee
437 2963 533 3026 super
556 2963 655 3006 unum
678 2941 816 3025 lapidem
840 2987 847 3004 .
871 2991 879 3006 .
904 2991 912 3006 .
937 2945 970 3006 et
1000 2941 1060 3005 iste
1091 2940 1173 3024 lupis
1196 2940 1279 3005 ieeet

126 3047 220 3111 modo
243 3053 319 3111 ente
340 3046 495 3131 templum
528 3047 677 3112 dominici
700 3046 880 3131 sepulchri,
914 3051 947 3111 et
976 3046 1155 3111 ostenditur
1177 3045 1278 3109 nostri

124 3152 325 3236 temporibus
347 3153 536 3236 peregrinis.
583 3152 624 3217 Et
648 3153 797 3217 visitatur
819 3159 850 3218 et
874 3153 1037 3217 osculetur
1059 3152 1099 3216 ab
1121 3151 1278 3232 omnibus,

124 3263 155 3322 et
170 3261 249 3322 eunt
266 3257 465 3341 indulgentie
488 3258 533 3322 ibi
549 3265 669 3342 septem
686 3279 843 3323 annorum
866 3262 899 3323 et
914 3261 1038 3342 septem
1055 3279 1242 3322 oerenerum
1255 3255 1277 3323 ⁴.

690 3385 709 3420 ἦ

193 3466 207 3519 1
230 3464 362 3520 Wolther
379 3465 457 3520 iubet
476 3484 550 3522 zwer
570 3466 649 3522 nieht
670 3466 727 3522 elle
745 3466 889 3524 eletionon
911 3466 958 3520 des
970 3465 1147 3536 kreuzweges
1166 3485 1211 3532 nu,
1231 3485 1278 3537 ge·

119 3554 199 3624 reigt
218 3552 334 3606 wurden
351 3553 391 3606 sie
410 3553 477 3609 uber
496 3553 606 3609 dumele
626 3554 728 3610 bereits
747 3554 799 3610 wie
826 3555 910 3610 beute
929 3555 1007 3610 noeh.
1045 3553 1095 3610 Die
1114 3555 1209 3620 stelle,
1236 3573 1279 3612 wo

118 3641 220 3698 Simon
239 3641 318 3696 Jesue
337 3640 388 3694 due
406 3641 490 3697 treus
509 3643 646 3706 ubnehm,
670 3642 742 3712 liegt
760 3660 798 3698 en
816 3642 866 3698 der
883 3640 965 3706 ecke,
985 3659 1027 3698 wo
1045 3641 1096 3697 due
1114 3642 1192 3698 lurik
1211 3643 1278 3696 Sitti

117 3729 244 3784 lisdem
263 3729 419 3782 woetweru
438 3726 482 3782 ins
501 3728 562 3783 thul
584 3729 713 3784 verliiuit.
750 3727 1028 3798 T0b1.Top.1,2re.
1100 3729 1278 3784 2Del¹ubri

116 3815 161 3872 die
181 3818 234 3870 vis
253 3813 381 3870 dolorosa
399 3813 429 3868 iu
447 3813 646 3884 umgekehrter
664 3815 799 3892 riehtnng
824 3815 996 3879 besohreibt,
1026 3817 1106 3871 butte
1123 3816 1173 3872 der
1190 3817 1278 3886 pletz,

117 3923 159 3960 wo
177 3903 263 3959 Jesus
281 3920 315 3956 ru
334 3902 388 3958 den
406 3901 568 3958 weinenden
586 3903 687 3959 irenen
705 3905 802 3960 redete
820 3904 877 3959 und
896 3904 942 3958 die
960 3905 1059 3969 stelle,
1080 3923 1121 3960 wo
1139 3921 1169 3959 er
1187 3905 1278 3959 seiner

116 3991 156 4048 bl.
176 3991 288 4044 Mutter
306 3987 475 4058 begegnete,
496 4006 545 4045 vor
568 3989 631 4044 dem
650 3989 757 4044 bivium
777 3989 958 4046 bescbrieben
978 3991 1088 4046 werden
1107 3992 1204 4048 eollen.
1243 3993 1278 4046 Ee

114 4077 229 4134 eeheint
256 4074 316 4129 dies
334 4074 380 4130 eiu
399 4075 531 4132 versehen
550 4076 648 4132 Febris
676 4095 711 4132 zu
729 4079 804 4142 sein,
833 4079 907 4134 deun
926 4096 955 4134 es
973 4079 1087 4134 wurden
1106 4079 1164 4132 ihm
1180 4079 1278 4149 judeu-

115 4165 184 4220 fulls
194 4162 340 4218 dieeelben
350 4163 547 4220 brtliehkeiteu
558 4165 731 4236 gezeigtwie
740 4183 868 4222 unserem
879 4167 1133 4222 beriebterstetter.
1164 4169 1181 4220 3
1193 4164 1277 4220 Fubri

115 4253 137 4318 l,
155 4253 212 4309 35?
227 4249 325 4306 wurde
338 4249 388 4304 der
397 4250 510 4307 eintritt
521 4252 551 4307 in
565 4253 652 4310 dieses
666 4255 735 4308 huus
752 4255 889 4324 gewtbrt.
917 4255 980 4324 Vgl.
990 4252 1070 4309 Tobl.
1085 4252 1154 4322 Top.
1167 4252 1186 4314 I,
1197 4255 1246 4310 251
1258 4256 1276 4310 f.

113 4345 130 4395 4
151 4339 240 4396 sobri
262 4338 282 4403 Ι,
301 4340 354 4394 354
373 4339 402 4404 f,
420 4340 470 4394 der
488 4339 562 4396 diese
579 4345 663 4412 porte
681 4341 853 4396 eusffibrlieh
872 4341 1012 4406 erwbbnt,
1033 4343 1107 4411 segt,
1127 4338 1191 4394 duee
1211 4358 1276 4396 mun

112 4428 190 4486 euch
210 4443 267 4482 von
287 4425 375 4480 uuten
393 4425 486 4494 eiuige
504 4427 645 4484 siberreete
663 4429 809 4487 desselben
827 4429 948 4500 geeehen
976 4427 1055 4482 habe.
1094 4428 1147 4485 Der
1167 4427 1280 4485 verinus
