3056 4944
658 357 700 426 95

101 535 170 600 illos
194 540 244 600 est
267 557 352 601 unus
377 536 605 616 interminor,
629 541 662 600 et
676 536 774 600 hebet
789 558 919 601 uxorem
943 541 975 601 et
997 536 1080 602 filios
1105 541 1137 600 et
1161 537 1252 604 filies.

101 637 194 704 Alius
209 640 276 705 fuit
291 641 396 706 freter
409 642 512 706 sancti
527 640 713 727 Augustini,
736 642 857 707 ordinis
872 641 1112 722 heremitarum,
1137 647 1253 707 tertius

102 744 163 810 luit
186 745 324 811 ulterius
346 747 523 830 religionis.
569 746 610 812 Et
634 747 800 831 episcopus
832 748 888 811 dat
917 748 962 811 eis
992 749 1075 813 exile
1103 750 1254 831 pretium,

102 855 132 914 et
153 855 247 916 stent
269 852 315 916 ibi
339 851 373 916 in
397 851 644 920 horribilissimo
678 855 773 916 stetu.
821 849 911 916 Unus
943 852 981 918 de
1014 853 1132 918 uostris
1155 853 1256 918 exivit

101 955 228 1039 guleem
262 977 336 1022 cum
370 957 483 1024 ceteris
503 955 698 1020 secularibus
732 959 765 1020 et
787 955 935 1021 viderunt
957 958 1145 1042 expertique
1166 962 1253 1038 suut,

102 1061 184 1146 quod
209 1062 260 1126 ite
279 1068 327 1126 est
342 1061 362 1125 ¹.
411 1061 507 1126 Misso
531 1061 643 1125 civitas
659 1061 821 1126 destructe
836 1065 884 1125 est
899 1083 957 1146 per
973 1064 1129 1147 quendum
1148 1085 1254 1148 regem

100 1167 266 1252 anglicum
290 1171 323 1232 et
340 1167 430 1252 quusi
451 1172 520 1231 tote
535 1166 650 1248 insule,
673 1166 836 1232 occasione
859 1173 896 1231 ut
911 1168 1119 1234 subinfertur.
1167 1169 1254 1234 ldem

102 1293 155 1336 rex
177 1272 330 1354 anglicus
354 1273 466 1337 hebuit
493 1293 634 1337 sororem
663 1271 832 1356 pulchram
862 1277 895 1336 et
916 1272 1127 1357 speciosum²‚
1161 1274 1256 1338 nimis

100 1377 249 1443 (leucum
278 1383 312 1442 et
343 1378 507 1443 timentem
538 1379 640 1444 deum.
691 1375 760 1444 Hee
789 1379 916 1444 devovit
946 1379 1004 1444 deo
1034 1379 1254 1462 uirginitatem

9 1563 14 1572 '
101 1503 231 1548 servare
254 1489 288 1549 et
310 1482 449 1548 multum
471 1483 643 1548 affectabat
666 1505 703 1548 ex
727 1483 893 1548 devotione
915 1484 963 1548 ire
985 1483 1200 1548 lherosolimis
1224 1489 1256 1549 et

99 1589 231 1653 visitare
248 1589 443 1654 dominicum
460 1589 663 1674 sepulchrum
680 1589 806 1674 aliaque
828 1589 898 1654 loce
920 1593 1040 1655 sancto.
1086 1587 1178 1653 Hanc
1201 1589 1254 1654 de·

101 1693 267 1758 sotionem
284 1697 317 1758 et
332 1692 481 1758 effectum
496 1695 664 1777 proposuit
680 1692 775 1758 fratri
792 1693 859 1778 regi
875 1714 1089 1777 regensem,
1112 1697 1148 1757 ut
1165 1714 1255 1758 suem

100 1799 305 1864 voluntatem
333 1800 424 1864 deret
458 1805 508 1864 et’
523 1822 591 1864 eom
614 1799 788 1864 adiuvaret.
834 1799 954 1864 Audite
977 1799 1144 1864 devotione
1167 1799 1255 1864 dedit

101 1925 293 1970 consensum
324 1910 356 1970 et
380 1905 537 1989 disposuit
559 1904 688 1990 singulo
711 1904 888 1970 necessarie
916 1893 1040 1969 tamin
1064 1905 1197 1970 neribus
1220 1910 1254 1969 ct

100 2011 204 2094 galeis
228 2017 261 2076 et
284 2033 355 2077 cnm
379 2033 496 2099 magne
519 2011 653 2076 honeste
672 2011 824 2075 societate
847 2010 1026 2074 transmisit
1049 2033 1128 2075 eam.
1174 2008 1253 2074 Cum

102 2121 210 2181 sutem
234 2116 384 2200 peruenit
406 2115 537 2200 Ciprum
570 2117 604 2180 et
634 2115 791 2200 applicuit
813 2119 942 2199 portum
974 2115 1058 2200 opud
1091 2115 1255 2180 civitatem

100 2219 211 2302 Misso,
235 2245 274 2286 ex
297 2244 374 2288 cusu
396 2228 465 2288 eret
487 2244 542 2287 rex
558 2219 647 2305 Cipri
670 2221 704 2285 in
727 2221 858 2285 civitate
881 2219 989 2286 Misso.
1034 2219 1178 2286 Audiens
1200 2243 1254 2285 ve-

100 2328 184 2392 nisse
207 2348 349 2393 sororem
371 2329 457 2413 regis
473 2327 602 2413 hughe,
625 2327 724 2393 exivit
746 2348 818 2391 cum
840 2326 906 2390 suis
929 2326 1072 2406 ducibus,
1094 2327 1255 2391 militibus

99 2455 135 2497 ec
152 2433 320 2499 nobilibus
336 2435 462 2499 obviem
487 2434 517 2500 ei
539 2439 573 2499 et
587 2433 727 2517 suscepit
742 2454 811 2497 eom
826 2431 999 2496 honorilice
1014 2433 1187 2496 secundum
1203 2453 1254 2496 re·

101 2539 189 2623 giem
216 2539 490 2624 magnificentium
522 2543 555 2603 et
577 2537 757 2602 introduxit
780 2559 846 2602 earn
871 2559 943 2601 cum
965 2537 1112 2601 omuibus
1133 2537 1198 2601 suis
1221 2536 1254 2600 in

101 2643 259 2726 petatium
283 2665 376 2710 suum
399 2649 432 2710 et
453 2644 531 2710 fecit
559 2645 587 2709 ei
611 2643 792 2709 convivium
814 2642 999 2727 pretiosum.
1045 2639 1123 2707 Cum
1146 2647 1254 2706 nutem

98 2749 233 2815 vidisset
256 2771 324 2815 eum
348 2755 414 2814 tem
436 2749 606 2834 pulchrum
630 2755 662 2814 et
681 2749 865 2834 speciosam,
889 2749 1007 2814 exarsit
1030 2747 1063 2810 in
1087 2747 1253 2831 concupis-

99 2855 207 2920 centie
231 2857 299 2920 eius
325 2855 516 2941 rogavitque
538 2877 618 2934 eum,
642 2860 679 2919 ut
702 2855 819 2919 feceret
834 2854 1033 2919 uoluntatem
1055 2873 1154 2932 suum,
1177 2873 1252 2936 pro·

99 2961 233 3026 mittens
267 2961 329 3026 sibi
360 2963 405 3046 [p.
431 2963 487 3045 50]
519 2962 623 3027 multu
656 2982 798 3026 munere.
844 2959 923 3023 (lum
944 2979 1019 3023 vero
1054 2957 1110 3020 ille
1143 2961 1255 3020 sancte

98 3065 193 3152 uirgo
210 3067 316 3132 noluit
332 3069 463 3133 omnino
478 3069 677 3154 acquiescere
700 3089 755 3131 sue
778 3089 874 3151 prere
890 3065 1060 3143 voluntati,
1083 3061 1161 3127 fecit
1183 3085 1252 3127 cern

98 3191 250 3256 seperare
281 3194 300 3236 a
331 3171 396 3236 suis
419 3173 589 3237 comitibus
624 3177 657 3237 et
678 3171 710 3236 vi
733 3171 893 3255 oppressit
915 3169 1073 3254 virginem
1104 3173 1135 3233 et
1160 3168 1253 3233 eiecit

99 3297 180 3342 eum.
228 3275 345 3342 Adhuc
367 3277 437 3362 ipse
459 3299 529 3342 curn
547 3278 685 3343 maximo
701 3277 809 3342 dolore
831 3275 936 3341 cordis
959 3275 1018 3339 ivit
1040 3278 1073 3339 et
1088 3273 1254 3357 navigavit

98 3383 136 3448 ed
165 3387 288 3448 terrem
323 3389 464 3449 sanctem
501 3388 534 3448 et
557 3383 696 3467 explevit
717 3387 826 3448 votum
842 3379 866 3448 ⁸.
913 3381 955 3444 Et
977 3380 1108 3445 visitato
1141 3383 1252 3444 sancto

99 3488 272 3572 sepulchro
296 3493 329 3553 et
362 3487 434 3553 eliis
458 3490 576 3554 sanctis
599 3489 677 3554 locis
705 3487 894 3573 remigravit
928 3487 967 3551 ad
990 3485 1129 3569 putrium
1152 3507 1252 3550 suern.

70 3617 73 3622 ·
100 3592 261 3659 Pervcuts
284 3594 323 3659 ed
339 3594 470 3660 fratrem
495 3617 586 3660 suum
610 3615 719 3680 regem
739 3593 906 3658 lacrimose
921 3592 1136 3676 conquerebet
1159 3612 1254 3674 super

101 3721 209 3785 regem
226 3699 345 3784 Ciprie‚
369 3701 424 3785 qui
447 3700 507 3766 sibi
531 3701 612 3766 bunc
636 3721 784 3785 maguum
807 3699 981 3784 nequitiam
1004 3701 1037 3762 et
1059 3697 1181 3782 nephus
1205 3697 1252 3760 fe-

101 3805 203 3872 cisset.
252 3805 294 3870 Et
317 3807 426 3872 audite
449 3827 524 3890 rege
547 3807 708 3892 nequitie,
741 3828 802 3891 que
833 3804 920 3870 fecte
942 3808 1024 3868 esset
1047 3803 1107 3867 sibi
1139 3807 1171 3866 et
1199 3823 1255 3864 sue

669 3932 689 3966 «Ι

171 4017 184 4070 l
206 4012 289 4071 Diese
308 4014 439 4084 augebsn
457 4015 532 4070 finde
559 4015 604 4070 ich
623 4017 701 4072 ronst
718 4011 862 4083 ningends.
969 4011 1103 4075 Hebri,
1130 4009 1180 4064 der
1208 4008 1254 4062 die

101 4103 262 4172 geschichte
276 4103 326 4171 111,
345 4103 396 4158 225
416 4101 529 4158 thulich
549 4103 667 4168 erubblt,
685 4105 774 4158 uenut
793 4099 1132 4158 dieseschwesterOsiue.
1166 4096 1254 4151 Dietr.

102 4208 127 4247 v.
145 4192 276 4248 Schucht.
296 4191 394 4246 meeht
412 4208 462 4246 eus
488 4190 534 4244 ihr
560 4190 622 4246 eine
639 4191 749 4247 toohter
776 4191 824 4247 des
842 4189 957 4261 hdnigs‚
986 4187 1070 4242 Robr.
1090 4185 1201 4240 llleissu.
1221 4185 1254 4238 D.

101 4280 170 4351 pilg.
181 4282 249 4344 2143
268 4279 343 4334 nach
354 4278 537 4349 llelipierou.
548 4295 608 4335 u.o.
627 4285 702 4334 were
720 4297 749 4335 es
766 4280 812 4335 die
830 4281 937 4334 mutter
956 4275 1100 4331 desselben
1120 4288 1254 4343 geuesen.

101 4375 118 4427 3
144 4371 224 4426 Nsch
244 4367 331 4426 Fabri
349 4385 375 4425 a.
394 4385 419 4423 u.
436 4386 461 4424 ο.
479 4368 560 4423 neue
577 4367 618 4423 sie
636 4367 682 4424 die
699 4368 738 4424 hl.
758 4370 868 4422 stetten
888 4364 992 4420 bereits
1011 4361 1129 4417 besucbt
1147 4359 1255 4428 gehsbt

102 4459 158 4518 und
168 4465 243 4516 ultre
262 4455 390 4514 eusdem
400 4455 545 4525 ruckwege
555 4473 620 4512 vom
638 4455 726 4526 konig
736 4473 791 4513 rou
801 4456 912 4525 Gyperu
921 4449 1122 4522 vergeweltigt
1131 4447 1251 4504 worden.
