3056 4944
818 330 885 400 126

276 532 385 576 omnes
401 511 434 574 in
452 509 582 574 comites
598 507 725 587 habere,
749 507 981 574 consolationes
996 507 1178 593 spirituales
1196 514 1228 574 et
1243 509 1424 594 corporales

277 617 473 681 sufficienter
496 615 529 679 in
554 613 709 679 benivolis
731 613 979 698 apprehendere,
1013 637 1126 699 meque
1157 613 1191 678 in
1214 617 1339 680 cunctis
1363 615 1426 680 tnis

278 743 374 804 qnam
396 720 436 784 ad
458 721 549 784 deum
574 740 669 803 quam
693 719 731 783 ad
756 719 900 784 homines
915 720 1132 784 indesinenter
1154 719 1271 786 habere
1292 742 1353 804 pro
1376 742 1425 785 sa-

277 825 434 890 lutatione
469 825 610 888 fraterna
633 824 818 908 preoblatis.
864 823 1130 890 Oanrautissime
1163 827 1207 890 mi
1229 827 1347 890 frater!
1382 823 1427 890 Ut

277 929 355 994 bene
378 930 478 1008 nosti,
513 951 574 994 non
606 933 653 994 est
677 931 745 994 laus
769 931 851 995 bona
873 931 1039 1008 inchoare,
1070 931 1124 996 sed
1146 953 1246 1016 usqne
1268 931 1307 996 ad
1331 933 1427 996 finem

276 1037 448 1120 perducere
471 1036 596 1100 laudem
622 1039 654 1100 et
671 1037 820 1100 meritum
837 1036 971 1102 obtinet.
1018 1035 1138 1120 Nuper,
1162 1036 1235 1101 dum
1259 1057 1347 1100 eram
1364 1035 1426 1100 Ve-

276 1141 387 1220 netiis,
411 1141 528 1205 tradidi
550 1141 638 1220 viro,
662 1163 755 1226 quem
786 1163 849 1206 non
873 1142 1017 1226 ignoras,
1048 1141 1182 1206 formam
1205 1141 1426 1224 proficiscendi

275 1248 314 1311 ad
337 1251 456 1310 statum
480 1246 623 1310 debitum
646 1252 678 1310 et
700 1246 921 1323 meritorium
954 1269 993 1311 an
1019 1253 1203 1330 prosecutus
1225 1247 1285 1326 sit,
1309 1245 1425 1310 nescio.

276 1350 370 1415 Omni
393 1355 498 1414 tamen
524 1352 616 1416 modo
639 1373 695 1434 per
717 1351 775 1415 hee
798 1351 917 1435 scripta
933 1351 1057 1432 suadeo,
1080 1373 1120 1416 ne
1136 1349 1264 1415 differat
1280 1343 1425 1435 peregri-

276 1459 455 1536 nationem,
489 1457 541 1520 eed
565 1457 629 1521 cito
661 1463 692 1520 et
724 1457 844 1541 absque
867 1478 955 1522 mora
977 1455 1110 1522 festinet
1143 1458 1182 1521 ad
1206 1456 1427 1521 dulcissimum

275 1584 349 1647 ymo
371 1561 700 1626 misericordissimum
714 1559 852 1642 lhesum,
877 1562 930 1646 qui
955 1562 1072 1626 dudum
1086 1583 1166 1626 -eum
1188 1562 1329 1626 extensis
1354 1563 1425 1625 bra·

275 1667 365 1745 chiis,
388 1671 500 1751 aperto
515 1667 616 1731 latere
632 1667 811 1750 expectavit
832 1667 971 1730 clamans
986 1667 1053 1731 alta
1067 1689 1143 1732 voce
1165 1667 1203 1731 ad
1227 1689 1317 1732 enm:
1342 1667 1425 1732 »Re-

276 1777 399 1837 vertere
415 1773 479 1836 cito
502 1773 617 1850 adme,
642 1777 674 1836 et
697 1793 757 1856 ego
772 1771 943 1855 suscipiam
968 1777 1032 1836 te«.
1080 1770 1130 1836 Ne
1145 1777 1278 1856 propter
1293 1773 1426 1836 nimiam

275 1877 488 1942 tardationem
511 1877 612 1940 intret
639 1897 773 1960 regnum
797 1876 986 1961 claudatque
1008 1876 1127 1942 ostium
1149 1881 1181 1940 ct
1203 1879 1297 1955 tunc,
1322 1877 1348 1940 si
1375 1899 1426 1940 ve-

276 1983 360 2045 nerit
383 1984 415 2045 et
438 1981 613 2064 pulsaverit
635 1983 763 2044 ianuam
792 1981 949 2044 clamans:
985 1979 1155 2060 »Domina
1179 1981 1305 2045 domine
1337 1981 1425 2064 aperi

275 2087 392 2151 mihin
426 2093 458 2150 et
481 2087 548 2170 ipse
571 2084 682 2150 lhesus
712 2086 752 2149 ab
781 2087 866 2149 intra
888 2086 1007 2150 diceret
1037 2085 1098 2150 sibi
1127 2084 1207 2149 illud
1230 2087 1425 2168 repulsivam

276 2198 308 2257 et
330 2191 475 2256 terribile
497 2191 648 2255 uerbum:
675 2190 795 2254 »Amen
819 2191 888 2255 dico
911 2191 981 2270 tibi,
1005 2190 1109 2255 nescio
1132 2195 1202 2265 te‹;
1227 2193 1259 2255 et
1281 2191 1328 2256 sic
1351 2213 1424 2275 per-

277 2297 419 2362 manebit
442 2319 460 2359 a
483 2316 582 2378 regno
605 2295 757 2359 exclusus.
805 2295 847 2359 n'r
869 2295 944 2379 quid
969 2300 1045 2359 tunc
1062 2296 1237 2378 proderunt
1259 2296 1287 2360 ei
1304 2297 1422 2374 omnia,

278 2425 338 2486 que
361 2403 394 2466 in
418 2402 535 2466 mundo
558 2403 655 2465 sunt?
689 2399 782 2464 Oerte
805 2421 868 2464 non
892 2399 936 2484 [p.
953 2400 1008 2483 62]
1031 2401 1181 2465 valebunt
1205 2423 1299 2466 unam
1324 2401 1424 2466 lestu-

275 2529 353 2571 cam.
399 2505 523 2570 Reiciat
546 2526 622 2588 ergo
645 2505 720 2568 talis
745 2503 838 2568 homo
862 2509 894 2568 et
917 2505 981 2570 cito
998 2507 1179 2588 posttergat
1195 2511 1331 2589 patrem,
1353 2529 1422 2572 ma·

276 2618 368 2690 trem,
391 2633 529 2690 uxorem,
553 2609 636 2674 filios
654 2613 686 2673 et
701 2609 792 2687 filias,
809 2615 980 2694 curratque
995 2631 1066 2674 curn
1082 2610 1206 2675 sacculo
1222 2611 1424 2695 paupertatis

276 2717 536 2801 pustpiissimum
547 2713 686 2795 lhesum,
702 2716 800 2780 donec
816 2715 1034 2800 apprehendat
1051 2714 1152 2795 illum,
1169 2723 1200 2780 et
1217 2717 1292 2781 dnm
1308 2741 1424 2804 appre-

278 2827 424 2892 henderit
440 2849 521 2905 eum,
539 2848 596 2891 nec
612 2826 753 2890 dimittat
769 2847 850 2905 enm,
866 2828 964 2891 donec
977 2827 1159 2891 introducat
1174 2849 1244 2890 eum
1261 2828 1294 2891 in
1310 2826 1425 2892 cellam

274 2933 431 2997 vinariam
467 2953 521 2996 sue
554 2931 659 2996 divine
682 2931 916 2996 consolationis.
964 2931 1087 2995 Modica
1118 2933 1203 2995 enim
1234 2939 1328 3012 suut,
1364 2953 1425 3016 qne

275 3038 495 3123 relinquimus,
512 3046 788 3121 respectueornm,
805 3059 866 3122 que
882 3037 915 3100 in
929 3037 1056 3100 domiuo
1072 3035 1424 3102 nostrolhesuChristo

276 3143 551 3228 apprehendimus
598 3141 625 3208 Ο
646 3144 673 3206 si
694 3142 807 3206 saltem
822 3145 981 3224 gustasset
1004 3163 1098 3204 unam
1115 3147 1241 3226 guttam
1257 3141 1424 3206 minimam

275 3250 313 3313 de
336 3249 403 3312 eius
426 3248 608 3324 dulcedine,
642 3269 714 3312 vere
744 3245 866 3310 faceret
899 3247 931 3310 in
967 3267 1003 3310 eo
1033 3247 1143 3310 statim
1166 3249 1274 3312 omnia
1296 3252 1424 3312 terrena

275 3354 434 3420 vilescere.
482 3353 540 3416 llic
563 3373 687 3437 qnoque
709 3355 787 3430 viro,
810 3373 862 3415 me
885 3351 945 3415 sibi
969 3353 1148 3431 mandasse,
1177 3359 1297 3436 quanto
1322 3353 1424 3435 magis

276 3460 391 3544 tardat,
409 3465 499 3523 tanto
515 3459 621 3523 minus
637 3458 745 3523 exibit.
792 3456 876 3521 Nam
897 3463 934 3521 nt
949 3477 1008 3540 ego
1024 3459 1137 3538 sentio,
1154 3458 1186 3522 in
1204 3458 1287 3522 facto
1302 3479 1425 3541 semper

275 3563 514 3646 impossibilitas
551 3563 686 3628 exeundi
721 3568 858 3646 augetur
890 3584 928 3626 ex
952 3563 1246 3645 procrastinatione.
1291 3561 1423 3626 Utinam

276 3690 360 3733 nunc
374 3669 455 3733 idem
473 3674 554 3734 esset
576 3669 608 3733 in
625 3673 712 3732 statu
735 3671 772 3732 ut
788 3688 847 3750 ego
871 3670 903 3731 et
919 3667 1079 3732 inhereret
1093 3667 1188 3732 lateri
1204 3671 1291 3733 meo!
1330 3665 1422 3732 Nun·

276 3795 370 3859 qnam
394 3796 465 3838 eum
488 3774 629 3838 deserere
652 3773 786 3850 vellem,
822 3773 920 3838 donec
944 3773 1142 3837 introductus
1172 3779 1253 3838 esset
1287 3795 1344 3856 pro
1366 3793 1423 3836 suo

275 3879 483 3964 beneplacito.
530 3878 650 3963 Dicque
683 3879 744 3942 sibi
769 3898 902 3960 magnas
924 3885 1031 3963 grates
1062 3885 1094 3943 et
1125 3899 1234 3962 preces
1255 3899 1341 3942 meas
1364 3898 1422 3961 pro

276 3985 446 4049 elemosina
467 3983 547 4048 mihi
570 4005 627 4068 per
650 3983 754 4068 ipsum
781 3987 933 4066 prestata.
979 3981 1083 4048 Orabo
1107 4005 1233 4069 quoqne
1255 3984 1363 4060 deum,
1387 3986 1423 4044 ut

275 4091 342 4173 ipse
365 4089 610 4154 misericorditer
633 4089 694 4153 eibi
711 4087 861 4153 refundat
884 4089 918 4152 in
943 4093 1077 4172 utroque
1094 4088 1222 4154 homine
1239 4088 1257 4152 ¹.
1304 4087 1340 4152 ln
1366 4110 1419 4151 ne·

274 4197 363 4278 gotio
385 4218 441 4260 suo
463 4197 534 4260 volo
558 4216 623 4259 esse
646 4193 785 4278 amplius
808 4199 1012 4272 exoneratus,
1035 4193 1060 4258 si
1085 4193 1195 4278 aliqua
1222 4193 1419 4280 negligentia

839 4321 857 4356 U·

346 4425 357 4476 l
380 4423 410 4476 l).
430 4423 456 4476 h.
476 4421 611 4491 corporali
631 4423 660 4474 et
678 4419 832 4491 spirituali.
