3056 4944
651 321 713 390 153

104 498 206 562 distat
231 519 250 560 a
273 497 404 562 civitate
428 498 526 578 Abra,
549 498 602 563 ubi
627 503 675 564 est
698 497 816 583 duplex
839 499 1003 583 spelunca,
1034 501 1096 565 duo
1119 500 1257 565 miliaria

103 602 227 670 italica.
273 603 315 668 Et
338 604 371 667 in
395 603 453 667 illa
474 603 566 681 valle,
590 605 645 669 ubi
671 605 773 670 Adam
798 605 896 686 luxit,
919 610 967 672 est
989 605 1182 671 monticulus
1204 628 1255 670 ro-

104 708 226 774 trmdus
242 708 308 772 sive
324 709 425 788 collis,
442 715 474 774 et
489 709 736 796 circumquaque
746 711 837 776 vallis
850 712 940 776 valde
956 711 1075 776 fertilis
1085 711 1256 792 frumento,

101 813 178 878 vino
201 819 235 878 et
258 813 329 878 oleo
344 813 365 878 ¹.
411 815 453 880 Et
476 817 508 880 in
533 816 590 880 illo
613 817 789 882 monticulo
812 819 860 881 est
883 817 1050 900 spelunca,
1074 817 1129 881 ubi
1154 817 1254 882 Adam

103 924 136 984 et
160 918 228 991 Eva
250 920 412 986 luxerunt.
458 920 589 1007 Nosque
612 923 817 996 intravimus;
848 922 966 1006 aliique
989 923 1167 1007 peregrini,
1190 926 1256 986 tem

106 1025 227 1112 pagani
251 1047 345 1110 quam
362 1025 536 1092 Christiani
561 1033 593 1092 et
607 1026 714 1108 dadai,
739 1028 794 1113 qui
810 1027 943 1092 visitant
965 1031 1108 1092 sanctum
1130 1027 1256 1106 Abram,

103 1130 233 1194 intrant
256 1133 289 1194 et
315 1136 409 1195 orant
431 1132 654 1217 recipiuntque
677 1131 715 1196 de
742 1153 835 1209 sax03
861 1135 894 1196 et
917 1152 974 1196 nos
999 1135 1176 1215 recepimus
1198 1153 1257 1215 pro

104 1235 263 1320 reliquiis.
310 1235 466 1301 Nonnulli
489 1238 614 1318 dicunt,
639 1237 724 1322 quod
747 1237 849 1302 Adam
872 1241 905 1301 et
928 1237 994 1301 Era
1015 1238 1101 1302 omni
1124 1237 1174 1301 die
1196 1237 1257 1300 ali-

102 1361 184 1426 quas
201 1340 296 1406 horas
319 1363 377 1426 pro
394 1343 572 1426 penitentia
595 1365 653 1426 per
673 1348 799 1407 centum
823 1363 923 1407 annos
938 1342 1140 1406 intraverunt
1156 1364 1256 1427 quan·

103 1447 178 1510 dam
201 1467 337 1530 aquam,
367 1447 420 1510 aed
448 1447 543 1512 huius
573 1469 637 1512 nou
668 1448 829 1512 invenitur
853 1469 962 1512 verum
984 1448 1201 1512 testimonium
1224 1449 1257 1512 iu

103 1572 197 1617 sacra
219 1551 380 1634 scriptura
403 1573 460 1618 nec
482 1552 612 1637 aliquod
636 1553 857 1617 testimonium
880 1553 914 1616 in
937 1555 1172 1633 terraemota,
1200 1575 1258 1618 nec

102 1657 142 1722 de
168 1677 268 1742 aqua,
300 1677 399 1742 quara
431 1657 511 1724 illud
545 1659 737 1724 credendum
767 1658 820 1724 sit.
866 1657 1025 1723 Dixerunt
1048 1659 1142 1722 etiarn
1167 1658 1258 1723 nobis

102 1763 225 1848 aliqui,
258 1764 340 1846 quod
365 1767 474 1846 postea
497 1763 660 1830 Abraham
684 1765 797 1828 fixerat
820 1763 865 1829 ibi
889 1763 1130 1828 tabernaculum
1155 1785 1257 1841 suum,

103 1873 138 1932 et
163 1867 210 1931 ibi
232 1868 384 1952 apparuit
406 1869 435 1932 ei
458 1868 615 1945 dominus,
638 1869 720 1933 sicut
743 1869 880 1933 babetur
896 1867 1009 1934 Genea.
1035 1869 1092 1934 18:
1115 1867 1152 1931 ln
1175 1868 1259 1933 valle

105 1973 265 2053 Mambre,
288 1974 310 2038 i.
335 1995 361 2039 e.
385 1974 474 2038 iuxta
497 1974 611 2064 vallem
628 1973 781 2052 Mambre,
807 1996 869 2039 non
894 1974 990 2059 longe
1012 1974 1052 2038 ab
1068 1973 1185 2051 heron,
1209 1995 1256 2038 se-

104 2079 197 2146 denti
221 2079 254 2142 in
276 2079 359 2144 ostio
383 2079 581 2144 tabernaculi
603 2081 652 2145 sui
683 2081 716 2144 in
741 2080 810 2164 ipso
833 2081 959 2144 fervore
988 2079 1049 2144 disi
1074 2085 1134 2144 etc.
1150 2077 1172 2144 ².
1218 2078 1260 2143 Et

104 2187 195 2251 dicta
216 2184 361 2248 oratione
383 2184 583 2250 ascendimus
606 2185 722 2250 bestias
757 2189 790 2249 et
813 2185 1024 2270 equitavimus
1055 2183 1259 2269 pervellem,

106 2295 142 2356 et
165 2289 364 2354 ascendimus
387 2295 527 2356 montem
551 2291 596 2373 [p.
622 2291 677 2375 72]
703 2311 812 2356 versus
835 2291 1007 2356 civitatem.
1054 2290 1095 2354 Et
1118 2289 1151 2354 in
1174 2289 1260 2354 valle

106 2399 182 2480 post
206 2401 345 2459 montem
368 2401 417 2459 est
437 2395 530 2460 vallis
548 2395 664 2477 Ebron‚
687 2397 721 2460 in
746 2417 809 2480 qua
833 2401 881 2460 est
904 2395 1025 2476 civitas,
1050 2417 1111 2479 que
1127 2398 1260 2459 vocatur

105 2525 127 2566 a
143 2499 325 2565 Sarracenis
348 2505 493 2566 sanctum
509 2501 598 2565 Abra
610 2500 634 2566 ⁸.
680 2501 722 2565 Et
737 2502 910 2566 secundum
928 2502 1116 2584 magistrum
1140 2501 1174 2564 in
1199 2501 1258 2586 hy·

677 2609 694 2638 ff

181 2657 195 2712 l
216 2655 293 2710 Auch
313 2655 396 2712 Fabri
417 2656 451 2722 11,
470 2657 523 2712 839
541 2657 638 2712 rhhmt
665 2657 709 2712 die
728 2656 938 2712 fruchtbarlreit
962 2655 1052 2712 dieser
1070 2657 1189 2725 gegend.
1225 2657 1260 2712 So

105 2747 147 2802 ist
164 2764 193 2802 es
211 2745 282 2800 euch
301 2745 386 2800 heute
404 2743 490 2800 noch:
516 2744 583 2800 »Die
601 2745 771 2816 Umgebung
789 2745 827 2799 ist
844 2743 961 2800 auderet
980 2744 1126 2799 fruchtbar
1145 2745 1202 2798 und
1221 2745 1260 2798 im

106 2831 248 2902 Frtlhling
266 2849 321 2888 von
340 2829 474 2900 sattigem
493 2829 580 2886 Grtin.
617 2831 672 2887 Der
691 2831 854 2888 Weinstoclr
873 2830 988 2900 gedeiht
1006 2832 1065 2886 hier
1079 2831 1260 2896 vortrelllich,

106 2937 177 2976 man
195 2920 276 2976 sucht
295 2919 383 2975 daher
398 2919 427 2974 in
447 2919 537 2974 dieser
555 2919 672 2990 (legend
690 2920 740 2976 das
760 2919 830 2975 Thal
845 2919 971 2982 Eschlrol,
991 2919 1042 2975 das
1056 2919 1259 2974 Trauhenthel.

106 3009 321 3064 lv.M0s.13.·
363 3007 445 3064 Baed.
466 3009 524 3065 171.
546 3007 607 3076 vgr.
628 3009 700 3078 Sepp
718 3008 738 3072 1,
758 3007 818 3064 598.
926 3007 943 3061 2
973 3009 1032 3062 Den
1050 3011 1110 3071 ort,
1139 3023 1181 3062 wo
1210 3006 1261 3061 das

106 3097 165 3153 aelt
186 3096 345 3152 abrahama
363 3095 448 3151 stand
469 3096 526 3150 und
546 3095 595 3150 der
612 3095 680 3150 hain
693 3095 800 3150 Mamre
819 3095 877 3150 sich
890 3095 1003 3160 helarii,
1023 3095 1119 3150 suehte
1138 3093 1183 3151 die
1201 3096 1261 3149 tra·

106 3187 201 3243 dition
219 3184 331 3240 damula
350 3201 388 3240 an
407 3183 456 3239 der
475 3184 572 3248 stelle,
599 3201 641 3240 wo
662 3185 735 3255 jetat
753 3183 799 3238 die
819 3185 925 3239 Haram
943 3183 1045 3238 Ramet
1064 3183 1196 3238 ethalil
1214 3200 1261 3253 ge·

107 3277 238 3330 nannten
251 3271 352 3328 ruinen
365 3272 470 3328 stehen.
508 3273 541 3327 ln
559 3271 611 3327 der
624 3272 696 3326 nithe
709 3271 854 3327 desselben
867 3269 953 3325 stand
966 3271 1038 3325 euch
1052 3270 1101 3325 der
1114 3270 1262 3325 berdhmte

108 3364 209 3426 Mum,
229 3361 349 3416 welches
366 3360 435 3416 bald
455 3360 562 3416 »siche«
592 3359 659 3414 bald
680 3359 856 3415 ›therebinte
882 3361 930 3414 des
951 3358 1114 3412 Abraham«
1134 3361 1261 3427 genennt

107 3449 188 3506 vird.
207 3447 293 3514 Quat.
306 3448 340 3512 ll,
361 3448 412 3504 768
425 3449 505 3517 sagi:
525 3447 606 3504 »Non
625 3449 707 3518 longe
726 3465 744 3503 a
762 3447 890 3504 mavelle
904 3446 1029 3502 Mambre
1047 3447 1076 3500 et
1096 3463 1168 3500 nune
1186 3446 1262 3503 dieto

108 3541 188 3596 loco«
208 3539 264 3610 (wo
282 3552 319 3590 an
338 3535 387 3591 der
406 3537 487 3592 stelle
513 3537 561 3591 des
579 3536 665 3591 celtes
684 3536 842 3591 Abrahame
861 3553 915 3590 ron
934 3533 1102 3590 Constantia
1127 3535 1190 3591 eine
1215 3537 1263 3590 ha·

4 3675 6 3688 .
107 3627 196 3683 eilika
215 3625 323 3694 gabant
335 3623 449 3680 worden
467 3623 525 3680 scin
548 3622 613 3694 roll)
632 3623 811 3693 »assignatur
824 3622 905 3686 alius,
925 3621 972 3675 ubi
991 3625 1054 3677 erat
1071 3621 1152 3678 ilex«.
1188 3620 1261 3678 Vom

108 3717 197 3771 baum
209 3711 299 3768 selbst
317 3713 369 3768 sah
388 3729 455 3767 man
468 3712 540 3768 nach
555 3712 632 3766 einer
646 3711 769 3766 anderen
783 3709 894 3780 angahe
906 3708 1051 3764 Walthers
1062 3709 1159 3781 (codex
1168 3727 1189 3765 s.
1201 3711 1262 3781 161)

108 3801 224 3858 damals
252 3800 323 3855 noch
350 3799 397 3854 die
415 3799 546 3856 wumsln.
583 3800 684 3870 Sptter
709 3796 1176 3868 (nachSepp,Jer.1.625were
1204 3797 1263 3852 dies

110 3893 196 3948 echon
217 3890 272 3946 seit
290 3889 344 3945 den
357 3889 531 3959 kreuaattgen
550 3888 599 3946 der
617 3889 671 3944 fall
685 3893 820 3959 genesen)
835 3888 961 3957 verlegte
981 3886 1027 3942 die
1039 3885 1176 3940 tradition
1194 3883 1262 3939 hain

111 3979 169 4034 und
188 3977 267 4035 aiche
285 3977 314 4032 in
333 3977 378 4034 die
392 3978 464 4034 nthe
476 3996 531 4036 von
545 3978 599 4033 hin
612 3977 701 4042 Sibis,
721 3977 824 4032 welche
836 3977 902 4046 lage
916 3975 1072 4045 allerdinge
1092 3973 1146 4027 den
1156 3973 1262 4027 werten

110 4067 160 4124 der
180 4066 219 4120 hl.
240 4065 340 4120 achrilt
358 4067 428 4124 Gen.
446 4067 487 4132 23,
503 4067 543 4122 11.
559 4069 598 4122 19.
619 4066 711 4122 besser
730 4063 896 4135 eutrpricht,
915 4063 973 4118 und
992 4063 1082 4130 aeigte
1100 4060 1161 4114 eine
1180 4059 1264 4114 haute
1319 4113 1321 4120 ,

103 4155 183 4212 'noch
202 4151 339 4208 slahands
356 4153 499 4225 machtige
525 4154 601 4210 elohe
630 4154 672 4208 als
703 4153 762 4208 »die
781 4152 858 4208 eiche
877 4152 1062 4206 Abraheme«.
1099 4145 1184 4202 Baed.
1205 4148 1262 4204 173.

112 4242 178 4313 Vgl.
197 4241 318 4311 Schegg,
337 4242 452 4312 Pilgerr.
470 4242 507 4312 ll,
524 4243 558 4298 45
579 4243 597 4296 f.
634 4241 685 4296 Die
702 4240 794 4296 Juden
817 4241 916 4295 hatten
932 4238 1034 4311 jedoch
1060 4235 1165 4290 ander
1184 4234 1263 4289 alten

108 4328 253 4386 tradition
274 4327 341 4391 fest,
361 4328 409 4384 der
427 4331 498 4386 auch
515 4329 635 4394 (laena,
654 4329 717 4384 Jud.
738 4328 786 4392 111,
806 4328 858 4383 2⁷4
879 4326 1059 4397 heipflichtet.
1095 4320 1160 4391 Vgl.
1180 4320 1261 4392 Sepp,

107 4416 208 4482 J01·1·
228 4415 282 4472 611
302 4413 331 4468 ff·
433 4420 450 4475 3
475 4419 527 4474 Die
543 4418 623 4474 stadt
641 4415 721 4474 heillt
748 4415 793 4472 hei
821 4415 875 4472 den
894 4414 1021 4470 Arabern
1039 4409 1186 4477 el-Chalil,
1214 4409 1264 4464 der
