3054 4942
797 327 861 394 246

250 506 395 590 signum,
426 505 509 589 quod
532 525 582 567 me
604 503 746 589 inspexit
777 509 809 568 at
832 504 980 569 movebat
1001 508 1098 588 caput
1119 525 1219 568 suum.
1266 502 1401 566 Demurn

250 610 354 694 incepi
371 609 475 675 dicere
492 607 694 675 Proficiscere
717 615 750 674 et
765 609 843 674 alias
859 609 1028 688 orationes,
1057 631 1135 695 quas
1151 609 1278 674 ordinat
1293 612 1404 673 sancta

250 719 355 780 mater
378 715 510 779 eeclesia
533 714 616 779 circa
638 717 810 780 morituros
834 716 981 780 dicendas
997 715 1017 781 ¹.
1067 715 1107 778 Et
1130 716 1203 778 dato
1221 713 1342 778 lumine
1364 713 1402 776 ad

252 841 379 886 manum
396 819 462 884 eius
486 819 652 884 etiterum
667 820 828 898 admonui,
851 819 919 903 ipse
939 819 1055 882 iterum
1073 817 1233 882 intellexit
1255 821 1287 881 et
1304 817 1404 880 movit

251 930 348 1010 caput
369 945 470 990 auum.
516 923 605 990 Tunc
628 926 737 990 statim
764 926 867 1009 incepi
889 926 992 990 dicere
1015 924 1188 1009 psalmum:
1219 921 1256 986 ln
1292 927 1324 985 te
1348 921 1402 984 do·

251 1032 338 1097 mine
355 1031 478 1114 speravi
499 1051 572 1094 cnm
589 1028 698 1094 Gloria
714 1031 812 1114 patri,
836 1035 869 1094 et
892 1031 923 1093 in
940 1030 1002 1094 fine
1018 1031 1056 1094 ad
1072 1049 1214 1094 versum:
1237 1027 1274 1092 In
1292 1047 1404 1090 manus

252 1139 323 1200 tuas
339 1135 466 1200 domine
483 1134 668 1198 commendo
682 1135 833 1218 spiritum
856 1156 972 1200 meum.
1019 1133 1130 1198 Gloria
1153 1133 1237 1216 patri
1263 1181 1270 1194 .
1296 1180 1304 1197 .
1328 1131 1400 1196 ieli-

253 1241 342 1316 citer,
376 1239 444 1302 sine
468 1238 577 1323 aliqua
598 1239 739 1305 motione
767 1241 920 1323 migravit
941 1243 1050 1304 sancta
1074 1241 1180 1304 anima
1202 1238 1269 1302 eius
1291 1259 1310 1301 a
1333 1258 1403 1302 cor·

253 1367 329 1429 pore
360 1344 394 1408 in
418 1343 599 1428 paradisum
630 1345 775 1410 celestem
799 1345 850 1410 sel
873 1346 1093 1410 indubitanter
1116 1344 1154 1408 ad
1179 1343 1402 1427 purgatorium

252 1453 436 1514 sanctarum
459 1449 646 1514 animarum.
691 1449 733 1515 Et
756 1450 831 1514 licet
854 1471 916 1514 non
942 1455 1124 1534 poteramus
1148 1471 1218 1513 eum
1237 1449 1404 1532 providere

253 1577 323 1620 cum
347 1553 418 1617 aliis
440 1555 663 1633 sacramentis,
686 1577 758 1618 nam
783 1555 906 1620 ratione
929 1552 1167 1620 excreationis²
1191 1575 1253 1618 non
1277 1559 1405 1636 poterat

253 1680 377 1723 sumere
399 1663 631 1723 sacramentum
655 1658 854 1738 Eukaristie,
879 1665 911 1725 et
933 1660 1046 1724 alind³
1071 1665 1212 1725 extreme
1234 1657 1405 1724 Unctionia

253 1765 370 1829 habere
394 1785 458 1828 non
475 1767 668 1848 poteramus.
716 1763 789 1830 Non
813 1770 919 1830 autem
936 1765 1067 1829 dubium
1091 1772 1148 1844 est,
1173 1765 1248 1850 quin
1266 1765 1404 1850 gratiam
1519 1753 1520 1830 ?

253 1875 522 1938 sacramentorum
545 1889 651 1934 coram
675 1870 732 1935 deo
755 1871 850 1954 plene
874 1875 1059 1936 consecutus
1090 1876 1153 1947 est;
1184 1893 1256 1935 nam
1281 1871 1404 1954 ipsein

255 1977 314 2042 hac
329 1976 588 2062 peregrinatione
606 1975 744 2040 breviter
767 1981 841 2040 ante
865 1977 912 2040 bis
926 1975 1086 2040 confessus
1108 1979 1141 2039 et
1156 1975 1405 2039 communicatus

254 2087 311 2162 eet,
333 2081 431 2146 semel
454 2082 487 2144 in
503 2079 698 2145 lheruselem
723 2085 755 2145 et
777 2082 874 2146 semel
898 2083 936 2146 ad
959 2088 1101 2146 sanctam
1120 2080 1349 2156 Katherinam3
1374 2085 1404 2144 et

254 2211 317 2254 non
341 2187 405 2252 fuit
427 2187 616 2271 peregrinus
639 2187 724 2252 inter
746 2209 856 2252 omnes
880 2190 925 2252 ita
947 2189 1103 2253 sollicitus
1126 2186 1165 2250 ad
1191 2185 1316 2248 missam
1349 2207 1406 2248 au·

254 2291 411 2372 diendam,
434 2297 467 2356 et
489 2291 528 2355 ad
551 2291 762 2374 aspersionem
787 2315 867 2378 aque
886 2293 1057 2373 benedicte,
1082 2297 1116 2358 et
1138 2311 1197 2376 pro
1221 2291 1286 2354 sale
1310 2291 1405 2354 bene-

254 2400 349 2478 dicta,
372 2418 447 2482 ymo
471 2397 568 2461 etiam
591 2397 696 2480 sepius
720 2399 859 2480 pulsavit
882 2405 913 2463 et
936 2399 1052 2482 petivit
1075 2421 1094 2463 a
1118 2419 1178 2476 me,
1202 2396 1285 2481 quod
1311 2395 1405 2458 bene·

254 2504 389 2568 dicerem
413 2501 524 2566 unum
556 2501 594 2566 ad
623 2523 763 2567 amorem
794 2505 895 2568 sancti
919 2502 1091 2584 lobannis,
1128 2504 1211 2588 quod
1244 2507 1277 2565 et
1309 2501 1370 2565 feci
1383 2499 1407 2564 ⁴.

253 2609 336 2673 Item
360 2627 452 2670 mane
475 2607 507 2669 in
532 2606 613 2671 festo
629 2605 779 2673 Omnium
802 2607 990 2674 Sanctorum
1015 2607 1049 2695 [Ι
1069 2608 1165 2692 Non]
1190 2605 1309 2672 domini
1334 2627 1407 2689 pre·

254 2713 315 2778 fati
348 2713 574 2777 ordinaverunt
607 2707 772 2778 honestam
807 2720 840 2779 et
864 2715 1010 2780 devotam
1045 2715 1106 2778 sibi
1139 2713 1335 2797 sepulturam
1368 2712 1408 2775 ad

254 2825 398 2884 sanctum
422 2817 626 2896 lllichaelem,
658 2817 767 2902 ibique
789 2820 993 2904 congregatis
1015 2819 1230 2883 sacerdotibus
1258 2821 1291 2881 et
1314 2837 1407 2900 pere-

255 2925 368 3009 grinis,
391 2929 423 2988 et
446 2924 530 2988 dicta
553 2923 649 2986 missa
665 2925 865 3010 caritatisque
882 2926 1090 3009 responsoriis
1113 2946 1184 2989 eum
1200 2923 1313 2988 ceteris
1336 2943 1409 2986 ore-

256 3030 397 3094 tionibus
420 3030 530 3094 devote
547 3033 693 3113 portatus
717 3034 765 3094 est
787 3031 825 3095 ed
851 3029 1066 3114 sepulchrum,
1090 3030 1173 3114 quod
1198 3029 1315 3093 factum
1339 3032 1410 3091 erat

255 3135 316 3200 sibi
339 3139 426 3199 retro
456 3134 489 3197 in
522 3135 628 3199 eadem
653 3135 784 3200 ecclesie
815 3137 905 3200 iuxta
927 3137 1081 3220 parietem
1096 3135 1119 3201 Ι.
1166 3133 1206 3199 Et
1235 3135 1280 3197 sic
1302 3134 1409 3197 anima

256 3241 322 3305 eius
337 3241 446 3304 sancta
463 3239 693 3318 indubitanter,
718 3247 755 3305 ut
775 3243 827 3325 pie
843 3243 1033 3307 eredendum
1050 3246 1098 3305 est
1113 3240 1285 3304 seeundum
1300 3239 1410 3304 onmia

255 3345 358 3429 signa,
382 3345 422 3408 ab
445 3343 560 3428 angelo
584 3342 740 3408 Michaele
762 3344 801 3407 ad
817 3345 996 3428 paradisum
1020 3345 1166 3409 celestem
1191 3347 1247 3407 aut
1269 3343 1307 3406 ad
1331 3363 1409 3426 pur-

257 3449 416 3535 gatorium
442 3453 623 3514 sanctarum
647 3449 827 3514 animarum
850 3450 984 3516 deducta
1013 3453 1071 3514 est.
1116 3448 1168 3514 Sic
1191 3469 1305 3531 corpus
1329 3447 1410 3512 illud

256 3559 400 3620 sanctum
424 3554 556 3638 dignum
582 3553 646 3618 fuit
669 3554 798 3637 sepeliri
822 3554 855 3617 in
879 3553 1009 3618 ecclesia
1032 3553 1133 3618 sancti
1155 3550 1330 3629 Michaelis,
1354 3552 1410 3615 ubi

826 3697 845 3734 ὕ

329 3799 341 3852 l
362 3797 418 3850 Das
438 3812 492 3850 von
510 3793 558 3849 der
576 3795 672 3850 lrirche
689 3795 935 3865 vorgeschriebene
955 3795 1038 3866 gebat
1057 3795 1102 3851 bei
1121 3795 1210 3852 einem
1230 3797 1409 3854 sterbenden.

256 3883 321 3954 vgl.
339 3882 455 3938 Ritnnle
472 3882 640 3939 Romanum.
711 3885 727 3936 2
747 3883 863 3948 Hostem
881 3883 1040 3940 erbrechen.
1114 3887 1130 3940 3
1149 3884 1206 3940 Soll
1219 3885 1293 3940 wohl
1308 3885 1409 3941 beiden

257 3973 357 4028 oleum.
393 3969 459 4040 Vgl.
478 3969 562 4024 Fabri
580 3969 629 4034 Ill,
650 3971 709 4025 199.
816 3975 832 4024 4
851 3970 935 4026 Fabri
954 3972 1002 4035 ΙΙΙ,
1024 3973 1072 4026 199
1091 3973 1110 4028 Ι.
1130 3973 1267 4028 berichtet
1286 3973 1340 4028 den
1360 3974 1409 4030 tud

257 4059 305 4114 des
318 4059 418 4129 gralen
432 4057 521 4114 Solms
535 4057 657 4129 weniger
671 4058 859 4124 ansfbhrlich3
874 4059 1029 4114 auffallend
1042 4059 1110 4114 kurz
1123 4062 1251 4116 eruthnt
1263 4061 1409 4117 Breidenb.

259 4147 307 4200 lll
327 4146 422 4201 diesen
449 4145 600 4209 todesfall,
628 4146 748 4201 obschon
777 4146 847 4200 doch
877 4147 953 4201 scine
972 4147 1244 4215 reisebeschreibung
1271 4147 1324 4201 den
1345 4149 1410 4204 titel

257 4237 352 4302 trafft:
381 4233 606 4301 ›Beschreibung
634 4233 683 4288 der
702 4233 792 4302 Reyse
811 4233 889 4288 unnd
909 4234 1080 4299 Wallsahrt,
1107 4251 1137 4290 so
1164 4234 1213 4287 der
1231 4235 1410 4304 wolgeborna

259 4321 338 4386 Herr,
358 4319 429 4376 Herr
446 4321 566 4388 Johann,
586 4319 668 4374 Graff
683 4339 717 4375 au
730 4321 819 4376 Solms
838 4363 845 4378 .
864 4361 871 4377 .
892 4362 898 4375 .
918 4321 1123 4378 vollnbraohte.
1229 4325 1244 4376 5
1264 4322 1345 4378 Dicae
1364 4324 1409 4378 be-

259 4407 443 4480 grbbnisfeier
467 4409 627 4466 beschreibt
646 4409 729 4464 Fabri
749 4409 798 4475 ΙΙΙ,
817 4410 869 4466 200
887 4409 917 4464 ff.
936 4409 1000 4464 sehr
1018 4409 1198 4464 ausldhrlich.
