3062 4938
806 299 847 364 60

252 475 321 540 dice
343 475 381 540 ad
398 474 618 540 consistorium
641 476 673 539 in
698 475 882 540 crastinum.
929 474 970 538 Et
993 473 1104 538 habito
1124 475 1257 540 oonsilio
1272 477 1396 558 patrum

251 580 294 644 ivi
332 580 370 644 ad
394 581 604 646 excusandum
636 603 686 645 me
719 601 776 664 per
799 579 1005 663 privilegium
1039 579 1167 644 ordinis.
1214 578 1398 645 Patriarcha

252 685 433 768 respondit:
460 683 563 750 »Date
580 685 798 751 testimonium
815 685 970 763 veritatis,
991 687 1030 750 ad
1047 685 1130 770 quod
1147 689 1276 750 tenetur
1289 684 1399 762 omnis,

253 795 285 853 et
307 791 511 874 privilegium
535 795 675 854 vestrum
710 790 744 853 in
767 789 826 855 hoo
858 811 919 855 non
942 789 1137 872 suffragetur
1158 790 1257 855 vobis.
1303 788 1346 853 Et
1373 789 1399 852 si

254 915 316 959 non
340 893 497 974 feceritis,
520 915 580 979 ego
602 895 773 979 procedam
797 898 909 959 contra
933 915 987 958 vos
1009 894 1172 959 iuridice.‹
1219 894 1261 959 Et
1283 894 1329 958 sio
1351 913 1399 958 co·

253 1003 342 1063 actus
374 1020 443 1062 sum
468 999 601 1065 iuridice
631 1000 670 1065 ed
700 999 920 1064 testimoninm
944 999 1139 1064 reddendum
1162 999 1306 1064 veritatis
1328 1020 1399 1063 auc·

256 1103 390 1168 toritatc
404 1105 587 1187 apostolica,
611 1108 647 1169 nt
670 1105 751 1168 dixit
767 1104 960 1188 patriarcha.
1007 1104 1050 1168 nt
1071 1105 1105 1169 in
1129 1104 1180 1170 die
1203 1103 1279 1169 lune
1297 1103 1400 1188 Roga·

254 1209 377 1273 tionum
395 1210 451 1292 [13
467 1208 545 1292 Mai]
565 1209 637 1274 dedi
655 1208 874 1274 testimoninm
890 1209 923 1272 in
940 1209 998 1273 heo
1012 1209 1128 1275 verba:
1154 1209 1268 1273 »Anno
1283 1209 1400 1273 domini
1516 1229 1517 1288 j

256 1313 339 1378 1481
362 1335 450 1378 sacro
477 1318 619 1398 ternpore
635 1313 901 1398 quadragesimali
917 1314 1005 1378 venit
1026 1313 1065 1378 ad
1087 1335 1148 1394 me,
1170 1313 1303 1378 fratrem
1320 1313 1401 1378 Pau·

256 1418 321 1483 lum
347 1417 520 1498 waltheri,
543 1419 662 1482 ordinis
685 1419 786 1488 sancti
811 1417 971 1484 Francisoi
994 1419 1032 1483 de
1055 1420 1264 1499 observantie,
1288 1419 1321 1483 in
1346 1441 1401 1504 op·
1516 1475 1517 1514 ἓ

254 1523 329 1607 pido
347 1522 619 1608 Heydelbergensi
642 1525 681 1587 ed
707 1523 869 1588 ecclesiam
887 1529 1061 1588 conventus
1084 1524 1220 1588 fratrum
1244 1525 1401 1588 minorum
1516 1523 1517 1596 Ϊ

256 1629 394 1692 eiusdem
418 1629 538 1693 ordinis
562 1629 695 1694 honesta
718 1651 798 1694 nxor
821 1629 982 1714 legittima
1005 1629 1160 1694 Melchicr
1184 1627 1275 1695 Flore
1300 1636 1333 1695 et
1357 1630 1402 1694 lo-
1516 1703 1517 1706 Ἴ

257 1734 414 1819 quebatnr
430 1735 525 1799 michi
548 1757 607 1818 per
622 1734 780 1800 cancellos
802 1733 835 1798 in
857 1735 915 1798 hec
931 1735 1037 1813 verba,
1060 1735 1180 1799 dicens:
1205 1733 1320 1799 »Pater
1345 1735 1404 1798 mi!

257 1841 333 1926 quid
353 1839 520 1905 consulitis
544 1839 647 1905 mihi?
678 1839 739 1904 Ille
762 1840 820 1920 vir,
843 1839 1049 1920 sicutenim,
1073 1840 1128 1925 qui
1152 1861 1235 1904 anno
1250 1839 1406 1923 preterito

255 1947 436 2031 perdiderat
458 1949 522 2010 tam
540 1945 643 2010 multa
665 1951 697 2010 et
721 1965 837 2028 magna
861 1945 954 2024 bona,
977 1945 1109 2030 reliquit
1134 1945 1212 2009 mihi
1235 1945 1274 2008 od
1297 1950 1403 2008 ensto-

257 2052 405 2117 diendum
427 2051 548 2135 aliquid
572 2055 605 2115 et
627 2051 714 2115 dedit
737 2050 817 2114 mihi
839 2073 973 2135 parvum
997 2051 1170 2130 annulum,
1194 2057 1226 2114 et
1250 2049 1407 2114 Melchior

258 2158 319 2223 scit
343 2159 422 2222 beno
446 2158 484 2221 de
499 2156 628 2236 annulo,
652 2156 706 2221 sed
729 2156 767 2220 de
789 2156 854 2220 alia
878 2178 911 2220 re
927 2155 1037 2221 nescit.
1082 2154 1177 2220 Modo
1199 2155 1255 2220 ille
1270 2155 1321 2219 vir
1344 2175 1407 2220 non

260 2264 356 2341 venit,
382 2267 415 2326 et
430 2262 545 2342 nescio,
569 2263 624 2327 ubi
648 2267 706 2326 est.
738 2261 806 2345 Ego
822 2261 937 2326 vellem
954 2265 1124 2326 exonerato
1140 2281 1205 2324 esse
1228 2261 1269 2325 ab
1291 2259 1352 2324 illa
1365 2281 1408 2324 re.

258 2368 291 2433 Si
308 2368 469 2432 videretur
492 2368 581 2432 vobis
604 2368 797 2446 consultum,
820 2389 879 2452 ego
903 2366 1016 2430 vellem
1040 2367 1114 2431 dero
1136 2365 1174 2430 ad
1191 2365 1410 2448 indulgentias
1516 2377 1517 2418 ff

257 2472 507 2538 Johannitarnm
524 2473 565 2539 ’.α
614 2472 686 2536 Hiis
708 2472 826 2536 auditis
842 2472 946 2536 verbis
964 2472 1111 2556 respondi
1128 2471 1298 2536 secundum
1315 2471 1408 2536 deum
1516 2473 1517 2522 ἶ

258 2579 291 2642 in
315 2578 374 2642 hec
388 2578 500 2643 verba:
526 2577 648 2653 »Quare
664 2577 788 2642 velletis
811 2577 872 2642 hoc
887 2577 990 2643 facere
1013 2583 1045 2642 et
1062 2578 1144 2642 bono
1160 2577 1229 2640 viro
1252 2577 1410 2641 sunbona

259 2683 370 2747 alienis
392 2679 493 2747 dare'
518 2683 586 2747 sine
607 2703 665 2746 sua
686 2681 878 2748 voluntate?
901 2681 974 2747 Non
997 2683 1142 2767 potestis.
1188 2681 1224 2746 Id
1248 2683 1331 2767 quod
1356 2683 1410 2748 de·

259 2788 307 2853 dit
330 2789 437 2868 vobis,
467 2788 603 2872 potestis
631 2787 721 2852 licite
744 2788 882 2852 retinere
904 2788 1012 2868 vobin,
1043 2794 1076 2852 et
1098 2787 1213 2852 suadeo
1236 2787 1341 2866 vobis,
1375 2791 1412 2852 ut

259 2893 353 2958 aliern
380 2917 446 2958 rem
463 2893 628 2956 retineatis
645 2893 747 2958 adhuc
764 2893 893 2960 diutius.
940 2893 1013 2978 lpse
1034 2895 1084 2958 vir
1106 2893 1189 2958 forta
1206 2893 1308 2957 currit
1332 2915 1410 2978 que-

260 3000 357 3065 rendo
381 2999 445 3063 alia
467 2997 594 3083 perdite
617 3004 650 3062 et
673 3021 736 3062 una
758 2999 880 3064 dierum
904 2999 1009 3063 veniet
1032 2998 1146 3063 tollere
1169 3019 1271 3062 suum.
1319 2997 1361 3062 Et
1384 2999 1411 3062 si

262 3104 463 3187 contingeret
487 3104 567 3168 citra
590 3126 645 3169 vos
668 3105 767 3184 mori,
797 3105 919 3170 debetis
942 3104 1142 3169 committere
1166 3104 1282 3168 marito
1306 3109 1413 3168 vestro

263 3209 322 3274 tali
339 3209 441 3274 modo.
488 3212 640 3274 Attamen
658 3211 738 3289 dioc,
763 3211 845 3294 quod
862 3231 924 3274 non
942 3211 1023 3274 dixit
1038 3209 1129 3288 mihi,
1152 3209 1226 3294 quid
1243 3207 1294 3273 vel
1310 3231 1412 3293 quan·

262 3321 330 3380 tam
353 3320 445 3394 esset,
467 3336 525 3380 nec
548 3336 607 3400 ego
630 3317 826 3400 interrogavi
849 3338 946 3380 eamr
994 3315 1062 3381 Hec
1084 3317 1182 3380 verba
1203 3337 1300 3398 super
1323 3315 1411 3379 iura-

261 3423 368 3484 mento
393 3419 468 3499 dixi,
493 3424 607 3486 necin
630 3445 680 3486 me
703 3423 797 3486 aliam
821 3421 988 3486 veritatem
1012 3421 1155 3486 invenire
1179 3421 1281 3505 potui.

352 3524 484 3590 Domum
502 3532 574 3611 post
587 3527 775 3592 dominicam
789 3525 909 3590 Exaudi
929 3527 986 3608 [19
998 3525 1076 3610 Mai]
1088 3526 1175 3590 venit
1187 3526 1312 3610 legatus
1328 3527 1415 3610 regis

262 3630 352 3695 Indie
377 3653 446 3695 oum
477 3633 541 3697 suis
572 3634 664 3698 sociis
696 3634 733 3697 de
765 3632 853 3698 curia
876 3655 1025 3712 romana,
1049 3631 1195 3696 dominns
1218 3628 1416 3709 anthonius,

262 3737 421 3821 prespiter
443 3737 614 3802 secundum
638 3739 736 3802 ritum
763 3761 872 3804 eorum
886 3737 909 3818 ⁸,
933 3739 972 3804 ad
992 3737 1141 3803 Venetiae
1164 3740 1196 3801 et
1218 3736 1336 3800 mansit
1360 3757 1414 3800 us-

826 3871 845 3906 ss·

334 3949 346 4000 l
367 3945 402 3998 Es
421 3963 480 4000 war
497 3946 544 4001 ein
565 3946 659 4002 ablass
671 3947 812 4002 verliehen
824 3947 947 4012 worden,
966 3965 1000 4002 nu
1019 3947 1116 4002 dassen
1129 3943 1304 4016 gewinnnng
1322 3944 1414 3999 noben

262 4035 317 4088 den
335 4033 543 4104 gewdhnlichen
563 4035 780 4092 erfordernissen
807 4035 853 4093 die
871 4035 1095 4104 varabreiohung
1120 4033 1196 4088 einer
1216 4032 1323 4088 milden
1341 4032 1417 4102 gabe

264 4141 297 4175 zu
316 4124 439 4191 gunsten
457 4122 506 4176 der
519 4121 689 4179 Johanniter
702 4126 932 4195 vorgeschrieben
947 4143 1015 4187 war,
1034 4125 1091 4179 und
1105 4123 1154 4178 der
1166 4121 1221 4177 den
1234 4139 1336 4176 namen
1358 4120 1417 4174 »in-

263 4209 427 4280 dulgentiae
448 4210 681 4266 Johannitarum«
701 4214 789 4269 hatte.
868 4215 885 4269 2
905 4213 1060 4268 Wdrtliche
1079 4212 1266 4279 fibersetanng
1285 4210 1333 4264 des
1351 4227 1416 4278 pro-

263 4297 468 4353 vincialismns:
497 4299 576 4353 »dem
605 4303 694 4370 guten
711 4319 815 4358 manne
840 4303 916 4359 seina
934 4303 1053 4357 sachenc
1074 4301 1148 4354 statt
1176 4299 1222 4354 die
1241 4297 1343 4353 sachen
1367 4298 1417 4351 des

263 4389 352 4454 gnten
371 4404 496 4444 mannes.
537 4389 599 4457 Vgl.
619 4385 785 4462 Einteitung
804 4391 849 4449 XI.
948 4393 964 4449 3
995 4389 1089 4447 Diessr
1107 4388 1246 4444 Antonios
1265 4385 1303 4442 ist
1317 4383 1418 4458 jedeo-
