3062 4938
816 315 858 378 40

264 488 439 571 prelatum,
464 489 519 572 qui
542 493 708 552 coronaret
732 489 778 573 [p.
804 488 860 571 21]
893 489 1056 553 dominum
1089 511 1188 552 sirum.
1237 489 1405 572 Respondit

264 593 434 676 gardianus
451 594 568 657 orontis
583 591 668 678 Syon
686 594 808 659 dicens:
833 594 1006 659 ›Dominel
1030 595 1133 671 Quare
1148 595 1246 660 vultis
1269 594 1406 659 aGrecis

266 719 371 782 regem
397 703 536 762 vestrum
560 702 720 779 coronari,
749 723 818 766 cum
844 723 906 765 non
930 701 996 765 sint
1018 701 1084 766 veri
1108 699 1257 764 catholici
1280 699 1332 764 sed
1355 701 1406 764 he·

262 803 353 866 retici
376 808 408 868 et
424 804 592 869 scismatici
616 811 648 870 et
671 829 779 871 evera
795 807 925 872 ecclesis
942 806 1174 871 excomunicati
1186 811 1220 870 t«
1269 805 1406 888 Respon-

263 908 310 972 dit
325 907 465 992 legatus:
492 908 626 976 »Nescio
641 911 720 975 alios
735 912 934 976 christianos.
970 911 1061 996 Rogo
1079 933 1150 976 vos:
1167 910 1273 974 venite
1290 931 1405 974 mecum

264 1015 433 1094 assumptis
457 1015 546 1078 vobis
573 1018 611 1080 12
636 1015 793 1082 fratribus
826 1018 864 1082 de
886 1019 999 1082 vestris
1022 1023 1055 1082 et
1079 1021 1227 1082 coronate
1250 1015 1406 1080 dominum

263 1141 377 1183 meum.
423 1119 465 1183 Et
489 1129 614 1186 manete
646 1124 729 1208 apud
762 1145 819 1188 nos
842 1127 874 1188 et
907 1145 1012 1209 regem
1048 1145 1236 1206 omnemque
1259 1120 1407 1204 populum

263 1228 346 1287 terre
380 1223 561 1290 informetis
595 1229 633 1292 de
665 1251 738 1292 vera
775 1230 835 1294 lide
859 1229 1016 1294 catholica
1050 1235 1083 1294 at
1105 1228 1173 1294 vita
1206 1227 1406 1292 christiana«

263 1327 439 1412 Respondit
463 1336 554 1414 peter
570 1335 762 1416 gardianus:
788 1333 879 1398 »Hoc
901 1356 964 1399 non
990 1333 1093 1398 babeo
1109 1333 1221 1409 lacere,
1243 1331 1295 1396 sed
1320 1352 1409 1414 papa,

262 1455 403 1498 summus
420 1435 574 1518 pontifex,
599 1445 631 1502 et
655 1439 756 1503 nostri
782 1439 903 1504 ordinis
918 1438 1080 1524 generalis
1095 1437 1231 1502 vicarius
1254 1436 1333 1500 talia
1355 1435 1407 1498 ha·

264 1539 339 1602 bent
354 1539 500 1604 ordinare
523 1547 555 1606 et
571 1545 769 1627 providere«
819 1543 996 1628 Respondit
1013 1543 1157 1626 legatus:
1183 1541 1283 1618 »Quid
1300 1541 1408 1606 faciam

262 1649 294 1707 et
317 1645 473 1728 quomodo
494 1667 634 1730 pergam,
658 1647 841 1712 informetis
864 1671 923 1727 ure,
947 1651 978 1712 et
1003 1646 1117 1711 faciam
1135 1667 1259 1710 ornnem
1275 1645 1410 1730 diligen·

262 1749 371 1814 tiam«
417 1749 570 1837 Dixitque
599 1753 790 1836 gardianus':
828 1752 984 1836 »Oportet
1006 1774 1061 1816 vos
1090 1751 1298 1814 transfretare
1329 1771 1412 1813 mare

263 1859 296 1917 et
319 1854 366 1918 irs
382 1853 525 1936 Romam,
548 1858 658 1944 ibique
674 1859 843 1924 invenietis
866 1879 992 1942 papam,
1016 1858 1070 1942 qui
1095 1862 1143 1920 est
1165 1877 1257 1920 verus
1278 1854 1413 1920 vicarius

264 1958 384 2024 Christi
408 1965 440 2025 et
463 1968 559 2046 caput
583 1964 682 2028 totius
710 1964 839 2029 ecclesie
870 1968 903 2028 et
934 1963 1076 2046 prelatus
1099 1961 1242 2026 omnium
1264 1959 1411 2025 christia·

262 2085 405 2132 norum«
455 2065 631 2151 Respondit
654 2069 796 2154 legatus:
822 2068 946 2134 >Nimis
969 2068 1086 2144 distat3
1111 2067 1218 2150 placet
1234 2065 1315 2128 mihi
1340 2065 1412 2129 mit·

263 2174 330 2236 tere
352 2173 391 2237 de
413 2173 586 2240 maiacum
610 2175 724 2238 vestris
749 2173 921 2252 fratribus,
945 2175 1061 2258 quihus
1084 2173 1165 2238 dabo
1188 2171 1318 2254 plenam
1341 2192 1412 2234 auc-

265 2277 447 2356 toritatem,
482 2299 518 2342 ac
550 2280 576 2344 si
612 2301 709 2344 essem
744 2279 955 2363 personaliter
989 2301 1127 2364 presens.
1184 2277 1252 2361 llgo
1286 2296 1414 2361 quoque

261 2383 434 2465 expectabo
449 2383 482 2446 in
501 2405 615 2467 magno
628 2383 730 2470 anro
747 2407 804 2469 per
820 2386 961 2470 quinque
976 2405 1114 2462 mensem
1131 2382 1269 2467 amplius
1285 2401 1414 2446 manere

261 2508 325 2550 non
350 2508 505 2570 possum«
556 2488 597 2552 ut
619 2489 663 2552 sic
687 2489 842 2554 miserunt
858 2489 1050 2574 legationem
1074 2492 1106 2553 et
1121 2489 1241 2570 scripta
1263 2487 1301 2551 ad
1327 2507 1413 2550 sum·

261 2613 347 2656 mum
378 2593 560 2676 pontificem
579 2591 599 2659 ¹.
647 2593 782 2678 Scripsit
813 2595 909 2658 etiam
938 2593 1085 2658 soldanus
1117 2615 1171 2657 rex
1202 2612 1274 2656 cum
1306 2591 1414 2676 legato

261 2696 415 2761 fratribus
439 2697 472 2761 in
495 2697 709 2774 Iberusalem,
742 2703 778 2762 ut
801 2703 950 2782 prompte
986 2701 1130 2781 prestent
1154 2698 1222 2762 viro
1244 2696 1413 2762 consilium

263 2811 295 2866 et
311 2801 464 2868 auxilium
489 2804 522 2867 in
544 2805 676 2883 cunctis,
700 2827 761 2887 que
778 2809 911 2888 pateret,
935 2809 967 2868 et
983 2804 1010 2867 si
1026 2825 1089 2868 non
1106 2803 1251 2879 iecerint,
1273 2802 1416 2866 minatus

262 2912 309 2972 est
332 2929 441 2972 omnes
464 2909 579 2973 fratres
596 2909 755 2993 expellere
778 2910 815 2974 de
838 2915 925 2974 terra
941 2914 1060 2975 sancta.
1108 2907 1150 2972 Et
1172 2906 1255 2972 hanc
1269 2907 1414 2973 litteram

261 3013 383 3078 soldani
416 3015 503 3078 misit
534 3015 705 3098 gerdianus
737 3035 808 3080 curn
838 3015 951 3081 ceteris
979 3035 1102 3078 summo
1133 3013 1288 3096 pontifici.
1338 3012 1415 3076 Per-

261 3121 365 3184 ventis
387 3119 504 3205 legatis
527 3141 597 3186 cnm
623 3119 741 3185 litteris
764 3123 802 3185 sd
826 3143 943 3206 papam
966 3120 1110 3186 fecerunt
1126 3117 1339 3184 obedientiam
1364 3139 1414 3182 ec·

262 3225 357 3288 clesie
392 3247 429 3289 cx
452 3231 544 3308 parte
568 3226 652 3310 regis
676 3226 775 3292 Indis.
823 3227 864 3292 Et
898 3225 1026 3312 gavisus
1057 3229 1104 3290 est
1136 3246 1220 3308 papa
1242 3229 1275 3287 et
1312 3223 1418 3287 omnis

262 3329 359 3408 curia,
383 3329 504 3413 gratias
527 3336 658 3414 agentes
681 3332 750 3410 deo,
774 3333 940 3417 quisnam
964 3329 1123 3414 spondam,
1145 3335 1288 3394 sanctam
1312 3328 1415 3394 eccle·

262 3435 341 3498 siam
376 3453 438 3499 non
463 3435 651 3521 dereliquit,
685 3439 737 3502 sed
772 3438 928 3521 ampliare
958 3436 1096 3500 intendit
1120 3455 1177 3517 par
1200 3433 1416 3498 obedientiam

265 3539 355 3602 istius
379 3539 463 3624 regis
499 3545 532 3604 et
562 3541 683 3624 recepit
707 3563 759 3606 eos
782 3541 886 3606 salvos
910 3545 942 3604 et
977 3539 1124 3624 promisit
1160 3538 1263 3601 lacere
1286 3559 1415 3602 omnem

263 3641 474 3727 diligentiam.
521 3643 562 3709 Et
584 3645 693 3708 statim
728 3645 816 3709 misit
844 3667 927 3729 papa
950 3645 1045 3709 breve
1076 3643 1114 3708 ad
1139 3643 1290 3707 vicarium
1316 3665 1416 3726 gene·

262 3747 370 3827 ralem,
394 3753 430 3811 nt
453 3747 592 3814 indelate
615 3749 738 3814 veniret
760 3751 798 3814 ad
821 3750 952 3860 quriam.
1002 3749 1157 3833 Percepto
1186 3748 1278 3812 breve
1301 3748 1416 3812 statim

335 3888 346 3939 l
368 3883 463 3940 Dicaer
481 3901 570 3954 ganne
591 3885 699 3942 bericht
717 3887 769 3942 het
787 3887 961 3943 anffallsnde
981 3886 1155 3942 ahnlichkeit
1178 3885 1231 3940 mit
1249 3885 1298 3939 der
1316 3888 1417 3940 errab-

263 3973 333 4042 lung
357 3973 425 4027 hber
442 3972 495 4028 den
515 3973 711 4043 patriarchen,
731 3975 810 4030 nicht
829 3975 963 4045 primaten,
983 3973 1124 4031 lohannes
1141 3973 1211 4042 (agl.
1231 3973 1263 4028 37
1284 3989 1361 4026 enm.
1381 3973 1418 4042 4),

264 4061 381 4116 welches
399 4060 457 4114 sich
476 4061 526 4116 das
544 4061 664 4131 pallium
684 4079 747 4117 vom
762 4063 952 4132 griechischen
965 4062 1144 4133 patriarchen
1163 4061 1192 4115 in
1207 4061 1316 4129 lipsana
1329 4061 1418 4117 hclen

261 4145 328 4214 irill,
350 4147 415 4204 dort
433 4149 502 4202 aber
520 4147 658 4218 gesandte
677 4148 725 4204 des
744 4153 862 4220 papates
881 4149 962 4215 trifft,
981 4167 1035 4206 von
1054 4149 1144 4204 denen
1164 4167 1193 4203 er
1212 4149 1328 4211 erlehrt,
1349 4148 1417 4202 dass

261 4237 340 4291 nicht
357 4235 590 4307 Constantinopel
609 4237 729 4293 sondern
744 4239 813 4295 Rom
836 4237 940 4295 »totius
957 4237 1032 4295 orbis
1050 4240 1150 4307 caput«
1170 4239 1210 4291 sei
1230 4238 1286 4291 und
1305 4251 1336 4291 er
1356 4238 1418 4292 sich

264 4341 327 4380 vom
345 4328 446 4395 papate
463 4325 514 4380 des
533 4325 652 4396 pallium
672 4327 795 4383 erhitten
815 4333 918 4393 miisse,
938 4326 1046 4382 worsul
1064 4343 1094 4381 er
1111 4324 1238 4380 wlrklich
1257 4325 1328 4380 noch
1342 4325 1418 4382 Rom

263 4412 339 4466 reist.
375 4411 499 4466 Zarncke
517 4411 604 4481 XVII,
621 4414 670 4468 831
691 4413 711 4468 fa
