3062 4938
812 313 854 378 24

259 497 398 577 pestem«
418 491 439 557 ¹.
485 491 526 555 Et
548 491 608 554 boe
630 489 722 554 nobis
745 489 809 552 luit
831 489 920 572 prius
943 489 1061 552 dietum
1095 485 1126 548 in
1151 485 1278 548 Verona
1301 507 1320 548 a
1342 484 1409 548 fra·

259 597 381 677 tribus,
405 598 459 682 qui
484 597 711 661 consuluerunt
733 594 826 658 nobis
860 595 907 658 ire
928 616 986 678 per
1008 589 1147 670 laeum⁹‚
1178 592 1204 654 si
1237 611 1409 673 possemne,

261 707 293 768 et
314 704 434 768 intrare
455 705 645 766 conventum
670 699 808 764 alterum
831 702 922 764 extra
938 698 1099 763 civitatem
1120 697 1158 761 ad
1180 699 1323 760 sanotam
1340 695 1409 758 Ma·

261 811 339 873 riam
365 809 403 872 de
425 807 548 890 gratiis.
595 807 636 870 Et
659 805 737 870 lieet
759 806 972 870 laboravimus
996 805 1161 888 precibus,
1185 823 1278 867 nemo
1301 807 1409 866 tamen

261 913 361 979 voluit
385 933 442 978 nos
465 912 577 976 ducere
600 911 669 975 sine
692 912 797 994 pretio
830 933 887 995 per
908 933 1034 996 aquam.
1082 909 1123 974 Et
1152 931 1223 973 oum
1253 909 1318 972 iam
1340 929 1411 971 sero

261 1021 382 1084 foetum
400 1021 492 1098 esset,
516 1023 548 1082 et
571 1021 645 1082 anto
668 1039 724 1082 nos
741 1018 854 1082 civitas
878 1023 910 1081 et
933 1018 965 1081 in
982 1016 1135 1080 ambobus
1151 1013 1304 1078 lateribus
1319 1031 1411 1094 mag-

261 1147 320 1190 nus
344 1126 440 1200 lacus,
467 1129 499 1187 et
522 1123 659 1206 alonge
682 1119 773 1188 valde
797 1127 883 1189 retro
907 1122 1088 1206 villegium‚
1120 1125 1153 1184 et
1174 1141 1238 1185 non
1260 1119 1413 1202 apperuit

262 1231 371 1315 aliqua
393 1230 513 1308 domus,
539 1246 597 1295 neo
619 1233 803 1313 poteramus
825 1227 913 1313 loqui
936 1227 1064 1313 ytalioe,
1087 1225 1157 1290 veni
1186 1225 1219 1290 in
1241 1223 1411 1289 maximam

263 1336 445 1420 angustiam
470 1335 583 1414 cordis,
609 1334 750 1399 nesciens
772 1335 917 1414 omnino,
953 1347 1015 1418 quo
1038 1355 1089 1397 me
1111 1335 1234 1404 vertere
1255 1331 1413 1410 deberem,

262 1463 386 1506 merens
408 1441 623 1519 ambulabam,
646 1461 704 1506 neo
726 1444 811 1518 erat,
835 1440 890 1524 qui
914 1439 1090 1505 consoleret
1120 1459 1181 1502 me.
1228 1435 1414 1520 Appropin-

264 1546 436 1632 quantibus
460 1545 552 1610 nobis
575 1547 679 1630 prime
702 1549 794 1628 porte
816 1546 965 1624 civitatis,
988 1545 1052 1609 vidi
1076 1567 1095 1608 a
1117 1543 1211 1626 longe
1226 1541 1334 1626 plures
1356 1563 1414 1604 no·

263 1652 343 1716 biles
368 1647 570 1715 daciatores³
594 1651 639 1714 ibi
663 1650 789 1728 sedere,
813 1653 1032 1734 exspectantes
1056 1647 1271 1730 ingredientes
1294 1645 1413 1709 exemi-

265 1777 341 1820 nare
364 1756 402 1818 de
426 1777 535 1819 eorum
557 1755 609 1819 via
639 1759 671 1819 et
692 1755 840 1839 negotiis.
885 1753 970 1830 Quos
992 1755 1067 1818 dum
1089 1753 1165 1831 vidi,
1188 1773 1288 1818 novus
1310 1773 1416 1816 meror

265 1865 297 1927 et
319 1861 535 1942 maiordolor
559 1861 676 1925 invasit
697 1883 758 1941 me,
781 1861 913 1926 reddens
935 1883 986 1926 mo
1010 1860 1137 1944 penitus
1152 1858 1353 1941 desperatum
1377 1855 1415 1920 de

267 1969 413 2052 ingressu
429 1965 578 2031 civitatis.
626 1967 668 2030 Et
691 1967 736 2031 sio
751 1965 870 2045 resilui,
894 1969 982 2030 stans
1004 1967 1037 2030 in
1058 1963 1215 2048 angustiis
1231 1966 1263 2026 et
1278 1961 1416 2025 tribula-

265 2073 407 2137 tionibus
439 2075 471 2134 et
493 2070 638 2154 privatus
667 2071 754 2134 omni
787 2069 925 2134 bumana
947 2070 1161 2135 oonsolatione
1193 2071 1226 2131 et
1247 2065 1416 2130 adiutorio.

265 2177 408 2242 'l'andem
425 2176 566 2241 converti
590 2198 641 2240 me
663 2177 701 2239 sd
720 2176 891 2259 gloriosam
906 2176 1065 2260 virginem
1078 2175 1212 2238 Mariam
1235 2176 1267 2237 et
1289 2173 1328 2236 ad
1344 2172 1416 2235 dul-

265 2281 427 2346 cissimum
450 2277 590 2358 lhesnm,
613 2280 716 2344 filiurn
739 2281 806 2344 eius
829 2281 1041 2364 unigenitum,
1064 2301 1179 2364 eosque
1195 2279 1337 2344 invooevi
1361 2279 1416 2343 de-

267 2390 341 2452 vota
368 2388 475 2450 mente
507 2388 540 2448 et
562 2383 734 2469 gemitibus
757 2384 869 2464 cordis,
902 2386 1115 2470 inquantum
1148 2384 1258 2468 potui,
1292 2383 1418 2449 disens:

269 2489 315 2554 »0
339 2489 456 2553 Maria!
489 2492 591 2552 mater
612 2488 716 2550 omnis
738 2485 1023 2570 gratie,'ediutrix
1046 2490 1189 2554 omnium
1211 2489 1417 2554 existentium

267 2597 299 2660 in
317 2593 540 2659 tribulatione!
564 2613 739 2656 memorare
754 2593 906 2676 piissima,
932 2615 994 2658 non
1018 2615 1084 2658 esse
1099 2594 1245 2659 auditum
1267 2595 1418 2674 soeculo,

269 2723 460 2788 quemquam
489 2700 527 2764 ad
557 2703 613 2764 tua
635 2703 816 2764 currentem
837 2700 991 2784 suffragia
1021 2723 1039 2764 a
1067 2704 1099 2764 te
1130 2721 1197 2764 esse
1219 2698 1417 2764 derelictum.

268 2807 340 2872 'Pali
363 2808 522 2871 animatus
545 2805 736 2870 confidentia
758 2806 796 2870 ad
824 2809 856 2870 te
877 2827 971 2870 ourro
994 2809 1026 2870 et
1048 2827 1154 2871 eoram
1177 2809 1209 2870 te
1232 2826 1362 2888 gemens
1384 2809 1419 2870 et

841 2933 860 2968 u

342 3001 353 3053 l
376 2997 425 3052 Die
445 2999 506 3067 pest
525 2995 679 3066 grassierte
697 2997 808 3052 damals
825 2998 855 3052 in
868 2997 1043 3054 Oberitalien
1063 2998 1222 3068 (besonders
1240 2997 1269 3052 in
1280 2993 1421 3066 Venedig)

270 3089 328 3142 last
347 3085 599 3148 ununterbroehen.
627 3103 681 3139 nur
700 3084 756 3140 liell
775 3087 816 3142 sie
833 3086 879 3142 hie
897 3085 955 3140 und
973 3085 1010 3140 da
1030 3104 1067 3140 an
1086 3084 1238 3154 heftigkeit
1257 3083 1344 3148 naob;
1371 3101 1421 3154 ge·

271 3175 339 3229 rado
358 3173 387 3228 in
407 3173 452 3228 die
471 3173 532 3238 seit,
553 3172 656 3228 welebe
675 3191 757 3229 unser
769 3175 1012 3248 beriehterstatter
1030 3172 1095 3229 dort
1111 3171 1270 3236 unmechte,
1290 3171 1356 3226 mllt
1374 3170 1422 3226 ein

271 3263 378 3318 solcher
396 3261 551 3332 rtiekgang.
589 3261 658 3316 Dese
687 3263 727 3318 sie
755 3263 822 3317 aber
840 3261 920 3317 nicht
938 3261 1089 3326 erlosohen,
1116 3261 1174 3314 und
1192 3261 1238 3336 die
1256 3259 1350 3314 furcbt
1371 3275 1423 3315 sor

271 3349 316 3402 ihr
335 3349 393 3403 und
411 3349 457 3404 die
471 3349 772 3420 vorsiohtsmassregeln
785 3367 875 3421 gegen
893 3351 953 3405 ihre
965 3349 1148 3418 verbreitnng
1166 3345 1236 3418 groll
1256 3363 1359 3412 waren,
1378 3363 1423 3400 er·

272 3436 344 3490 bellt
362 3453 413 3490 eus
431 3453 559 3492 unserem
578 3439 693 3494 beriuht.
731 3439 800 3494 Sehr
819 3439 914 3509 heftig
932 3455 990 3492 war
1008 3438 1047 3492 sie
1069 3437 1137 3492 1478
1154 3435 1341 3505 aufgstreten,
1361 3434 1422 3488 und

275 3522 324 3577 der
343 3523 596 3593 reisagesellsohalt
613 3525 734 3581 Tuehers
760 3526 856 3582 wollte
880 3543 948 3581 man
974 3524 1014 3580 im
1033 3523 1183 3595 folgenden
1199 3522 1282 3593 jabre
1306 3521 1356 3576 das
1375 3520 1426 3576 be·

274 3612 367 3664 treton
386 3610 435 3664 der
453 3611 533 3665 stadt
551 3611 623 3666 Zara
643 3613 803 3668 verwebren
824 3613 888 3667 »des
907 3613 1020 3667 sterben
1039 3611 1107 3666 halb
1126 3611 1155 3666 in
1167 3609 1319 3680 Venedigt.
1347 3608 1425 3664 Rob-

274 3697 502 3762 nobb-Meiesner,
522 3700 578 3754 Das
596 3700 738 3755 reisebneh
756 3699 806 3756 der
826 3699 933 3756 familie
951 3699 1054 3755 Rieter.
1092 3700 1246 3770 Stuttgart.
1275 3697 1344 3751 Litt.
1364 3714 1423 3754 ner.

274 3784 351 3839 1884.
387 3783 451 3854 Vgl.
477 3785 597 3853 Tuoher,
627 3787 737 3857 Reyllb.
756 3788 815 3844 350.
861 3787 939 3844 Nocb
966 3787 1089 3857 heftiger
1116 3789 1177 3841 trat
1203 3785 1242 3840 sio
1272 3786 1339 3840 1484
1364 3785 1424 3840 aul.

277 3871 347 3927 ›Nel
368 3873 434 3926 1484
454 3873 484 3927 la
501 3875 573 3929 uitta
592 3891 641 3929 era
658 3874 739 3943 queei
759 3874 887 3938 deserta,
916 3876 945 3928 la
962 3875 1041 3945 peste
1064 3873 1094 3927 fu
1113 3873 1188 3928 assai
1206 3873 1274 3928 fiera
1292 3889 1341 3942 per
1361 3875 1425 3930 otto

273 3959 343 4015 mesi
357 3962 385 4014 et
399 3959 538 4016 morirono
551 3960 662 4016 eumin
674 3961 837 4016 individui«
863 3960 1004 4032 rudungo,
1016 3960 1216 4032 Tnpographia
1228 3958 1428 4016 linteo-medica

274 4047 353 4102 della
371 4047 442 4104 cittis
460 4046 505 4101 die
523 4048 652 4105 Veneria.
692 4049 807 4104 Padova
827 4051 902 4105 1831.
931 4049 980 4118 lll,
1001 4051 1041 4104 ll.
1158 4047 1362 4104 2Derlllinoio
1380 4064 1426 4103 er·

275 4134 386 4190 woitert
404 4135 461 4190 sich
480 4136 525 4191 bei
544 4137 663 4190 Mantua
687 4155 721 4191 au
739 4137 815 4192 einer
840 4140 887 4192 art
910 4155 954 4194 see
978 4137 1034 4192 und
1056 4138 1137 4194 fuhrt
1156 4137 1227 4193 auch
1247 4136 1300 4192 den
1318 4153 1425 4193 namen

276 4222 384 4294 »logo«.
421 4227 473 4282 Ein
487 4245 534 4281 um
548 4226 599 4281 das
621 4227 650 4281 ll
660 4227 756 4299 J'ahrh.
770 4227 967 4297 aulgefllbrter
980 4228 1082 4292 damm,
1103 4225 1201 4298 argine
1214 4227 1330 4291 mulino,
1349 4227 1428 4282 nieht

276 4311 334 4366 sich
353 4313 489 4369 awisohen
508 4315 570 4370 dem
589 4315 656 4385 lego
669 4315 809 4386 superiore
827 4316 886 4370 und
904 4317 967 4372 dem
986 4317 1052 4386 lego
1071 4315 1116 4371 die
1135 4332 1235 4380 mezzo,
1253 4313 1299 4370 ein
1311 4315 1428 4372 aneiter

279 4400 375 4454 darum
389 4401 524 4458 zwisohen
537 4403 639 4460 diesem
654 4404 711 4459 und
723 4405 785 4461 dern
799 4405 866 4476 lego
880 4405 1011 4461 inferiore
1029 4403 1087 4460 hin.
1159 4405 1174 4458 3
1194 4403 1429 4464 Zolleinnehmer.
