3062 4938
817 313 859 378 28

261 489 417 552 baberent
440 487 661 571 possessiones.
707 487 749 552 Et
772 488 930 570 expeditis
944 489 1092 554 omnibus
1115 489 1251 553 intravit
1273 510 1405 554 convan-

261 599 331 678 tum
346 613 497 676 magnam
521 600 554 656 et
576 593 690 659 ultimo
705 593 848 658 visitavit
872 591 974 658 illum.
1022 592 1062 658 Et
1084 593 1196 658 statim
1212 598 1406 660 accesserunt

263 701 301 765 ad
318 721 407 764 ruam
424 700 635 764 reverentiam
650 703 758 784 patres
774 702 959 779 conventus,
982 699 1237 764 commendantes
1259 720 1406 784 neserga

261 827 350 870 suam
367 805 593 888 paternitatem
611 809 824 890 rogantesque
839 804 1006 883 instanter,
1028 808 1064 868 ut
1079 825 1136 868 nos
1152 803 1270 868 locaret
1284 803 1407 880 ibidem,

263 913 295 975 et
317 910 344 973 11
368 933 430 975 nou
447 909 584 994 amplius
606 910 720 976 saltem
745 915 851 975 tamen
872 931 971 994 usque
993 911 1031 974 ad
1050 909 1156 975 Pasce.
1203 908 1339 974 Demum
1360 931 1407 973 re·

262 1016 417 1080 verendus
441 1019 532 1098 pater
547 1015 683 1082 vicarius
698 1016 861 1100 provincie
878 1015 1067 1100 loquebatur
1082 1014 1162 1080 mihi
1178 1014 1268 1078 valde
1296 1014 1406 1078 blande

262 1120 382 1184 dicens:
417 1119 636 1184 »Venerabilis
660 1122 769 1203 pater!
804 1117 837 1184 Si
861 1115 1010 1203 possibile
1033 1123 1132 1194 esset,
1156 1118 1269 1183 vellem
1292 1140 1348 1184 vos
1369 1118 1407 1182 li·
1517 1135 1518 1140 ¹

262 1226 374 1290 beuter
399 1224 451 1288 hic
474 1224 605 1300 habere;
629 1245 708 1307 rogo
729 1246 795 1304 vos,
819 1247 893 1288 uam
909 1245 1018 1289 omues
1034 1229 1150 1309 rogant
1171 1247 1252 1288 me«
1299 1224 1407 1290 lucur-

263 1353 340 1396 vans
362 1353 413 1395 me
436 1331 553 1395 iterum
577 1330 734 1396 referrens
757 1331 936 1415 gratiarum
959 1330 1098 1396 actiones
1120 1333 1152 1394 et
1175 1331 1336 1408 subiunxi,
1361 1319 1410 1394 nie

262 1459 298 1500 ea
322 1435 359 1500 de
375 1457 468 1500 causa
485 1457 547 1501 uon
563 1436 734 1515 advenisse,
757 1437 837 1502 alias
859 1435 995 1501 libenter
1011 1435 1125 1501 vellem
1139 1457 1277 1502 manere.
1323 1435 1411 1500 Tunc

263 1540 385 1606 dimisit
401 1563 459 1606 me.
506 1541 547 1606 Et
562 1545 648 1606 ecce!
672 1543 777 1622 gratia
794 1541 843 1606 dai
860 1541 1029 1625 apparuit:
1054 1563 1129 1606 nam
1144 1545 1259 1626 quarta
1273 1541 1325 1606 die
1342 1543 1411 1624 post

263 1646 334 1710 misi
351 1643 361 1681 ¹
384 1667 519 1729 prome,
543 1651 575 1710 et
591 1645 768 1712 exhilarata
783 1646 875 1726 tacie,
898 1645 963 1711 leto
979 1646 1081 1726 eorde,
1104 1645 1253 1730 dulcique
1267 1667 1411 1710 sermone

264 1750 455 1835 loquebatur
470 1751 549 1814 mihi
568 1752 691 1816 diceus:
718 1750 850 1816 »Frater
865 1751 925 1816 mi!
949 1771 1008 1835 ego
1023 1751 1208 1816 descendam
1224 1771 1281 1834 per
1297 1773 1412 1836 aquam

268 1854 492 1940 Pfaphouem²
528 1878 586 1940 per
608 1856 732 1941 aliquos
755 1860 947 1934 conventus,
980 1859 1012 1920 et
1034 1855 1171 1920 visitetis
1200 1854 1265 1920 illis
1287 1855 1414 1920 veniam

265 1962 303 2025 ad
324 1959 489 2026 Venetiam
514 1965 546 2026 et
568 1961 681 2028 videbo
704 1961 838 2036 ibidem;
861 1961 888 2024 si
912 1981 1039 2045 possum
1063 1983 1117 2025 vos
1140 1961 1242 2026 locare
1258 1959 1413 2038 Venetiis,

267 2067 344 2130 bene
368 2067 504 2151 quidem,
528 2068 555 2130 si
579 2089 652 2145 non,
677 2067 788 2132 locabo
810 2088 865 2130 vos
888 2066 926 2130 ad
944 2065 1083 2150 aliquem
1098 2069 1289 2131 conventum
1306 2065 1413 2150 proxi-

263 2172 428 2236 miorem«
476 2172 520 2236 Et
543 2171 793 2236 valedicentibus
826 2171 973 2235 omnibus
1004 2170 1158 2236 fratribus
1186 2171 1219 2235 in
1242 2173 1315 2235 orto
1338 2191 1413 2235 cou-

263 2280 376 2340 ventus
409 2281 442 2341 et
472 2298 544 2340 cum
574 2297 650 2360 pace
686 2278 718 2339 et
748 2275 881 2340 caritate
913 2275 972 2338 ivit
1003 2275 1042 2339 ad
1073 2275 1215 2340 herkam.
1266 2274 1309 2340 Et
1341 2297 1414 2339 eum

262 2380 458 2446 valedicebat
492 2403 563 2458 me,
604 2380 701 2444 dixit:
738 2378 857 2459 ›V010,
890 2383 926 2443 ut
958 2401 1014 2444 vos
1048 2379 1128 2444 eatis
1159 2379 1191 2443 in
1225 2379 1313 2445 mulo
1344 2401 1415 2444 meo

263 2507 362 2570 usque
380 2483 548 2564 Veronam,
565 2489 597 2549 et
612 2485 736 2549 demum
753 2483 946 2548 descendetis
961 2481 1113 2549 Venetiae
1127 2483 1166 2548 ad
1181 2507 1260 2548 mer
1310 2484 1354 2550 Et
1369 2483 1415 2548 sic

263 2591 400 2656 recessit.

352 2693 419 2760 Nos
442 2717 516 2760 vero
540 2694 642 2760 adhuc
664 2696 812 2760 stetimus
835 2695 995 2780 usquead
1018 2693 1206 2758 dominicam
1232 2695 1414 2778 proximam

264 2804 459 2885 sequentem,
483 2823 544 2886 que
560 2803 628 2866 erat
644 2801 749 2884 prima
764 2799 922 2866 dominica
938 2800 1101 2864 Adventus
1123 2804 1156 2864 et
1172 2801 1191 2862 2
1214 2800 1280 2864 dies
1295 2800 1418 2866 mensis

263 2905 409 2970 Octobris
424 2905 446 2971 ⁸.
493 2905 535 2970 Et
568 2904 625 2970 illo
657 2905 790 2970 sabatho
824 2905 908 2970 circa
935 2904 1178 2988 completorium
1199 2905 1288 2969 venit
1322 2908 1418 2970 tanta

266 3016 437 3096 tempestas
460 3013 540 3076 atris
565 3014 597 3075 et
614 3010 706 3076 nubis
722 3011 853 3094 grandis
878 3014 909 3074 et
925 3010 1119 3090 densissima,
1144 3032 1206 3095 que
1228 3010 1326 3074 dahat
1350 3010 1416 3076 ful-

262 3140 342 3200 gura
361 3123 397 3188 et
419 3116 674 3182 choruscationes
689 3115 831 3180 infinitas
854 3119 886 3179 et
906 3115 1125 3195 lucidissimas,
1148 3115 1291 3180 tonitrua
1314 3115 1414 3180 terri·

263 3223 349 3302 bilia,
373 3222 462 3307 quasi
478 3222 637 3286 moventia
657 3227 787 3302 terram,
810 3225 842 3286 et
865 3221 897 3285 in
916 3221 977 3284 fine
993 3220 1089 3286 dabat
1106 3219 1246 3304 pluviam
1262 3241 1418 3304 maguam

263 3332 295 3392 et
318 3328 539 3392 inundantiam
554 3349 718 3412 aquarum,
742 3327 788 3391 ita
812 3326 895 3410 quod
917 3347 1026 3390 omnes
1042 3325 1186 3390 homiues
1201 3326 1417 3406 mirabantur,

262 3433 415 3512 concussi,
438 3433 530 3498 deum
549 3433 701 3496 ‘timentes
726 3435 757 3496 et
772 3433 930 3516 rogantes,
953 3435 990 3494 ut
1013 3452 1076 3494 uon
1093 3431 1264 3496 secundnm
1280 3436 1417 3514 peccata

263 3561 372 3603 eorum
395 3537 514 3604 faceret
537 3538 600 3616 eis,
632 3538 686 3602 sed
717 3558 807 3600 suam
831 3535 991 3600 infinitam
1014 3534 1263 3602 misericordiam
1286 3536 1331 3620 [p.
1361 3536 1417 3620 15]

263 3644 342 3728 ipsis
364 3644 554 3710 ostenderet.
599 3643 636 3708 ln
672 3644 781 3708 eadem
816 3643 946 3707 civitate
969 3641 1140 3726 requiescit
1174 3662 1288 3725 corpus
1310 3645 1419 3708 sancti

265 3749 401 3834 Longini
426 3749 548 3830 militis,
571 3749 626 3834 qui
650 3749 759 3814 lancea
782 3747 931 3832 apperuit
953 3747 1037 3812 latus
1054 3745 1174 3812 Christi
1197 3747 1231 3812 in
1255 3767 1358 3828 cruce,
1383 3751 1419 3812 et

826 3880 844 3914 Ι·

337 3960 350 4013 1
370 3957 520 4014 Jedeslalls
539 3958 617 4012 misit
636 3975 686 4028 pro
704 3973 756 4021 ms,
776 3955 899 4011 schiclrts
921 3955 992 4010 nach
1005 3953 1068 4010 mir.
1172 3955 1189 4008 2
1209 3943 1283 4011 liber
1302 3954 1348 4010 dic
1368 3955 1419 4012 bs·

264 4048 393 4118 deutung
413 4046 500 4101 dieses
512 4045 637 4100 deutlich
650 4045 866 4115 geschricbsneu
879 4045 981 4100 vertes
993 4043 1099 4100 konuta
1117 4043 1163 4098 ich
1177 4043 1229 4097 mir
1241 4043 1322 4098 haine
1342 4045 1419 4102 voll-

262 4135 394 4204 stdudige
419 4133 565 4203 gevisheit
591 4131 770 4187 verschaffeu.
816 4129 1056 4186 Wahrscheiulioh
1087 4131 1139 4196 ist,
1171 4131 1236 4186 dass
1256 4148 1285 4187 11
1306 4131 1420 4198 inlotae

265 4222 340 4277 aines
353 4219 641 4276 missvsrstaudnisses
661 4237 715 4276 von
733 4219 802 4274 11111
813 4219 958 4276 Walthers
977 4220 1023 4274 fiir
1035 4219 1175 4276 Tolanam
1188 4219 1272 4285 steht,
1293 4219 1418 4276 welches

264 4311 313 4366 der
332 4327 415 4366 name
428 4309 502 4366 eines
520 4309 570 4365 dar
582 4308 749 4379 damaligen
763 4325 840 4364 anne
857 4307 906 4364 des
919 4307 957 4366 Po
969 4325 1035 4366 war.
1066 4307 1200 4378 Federigo
1211 4325 1237 4364 a.
1251 4326 1276 4366 a.
1290 4326 1314 4366 c.
1328 4307 1349 4372 I,
1372 4309 1420 4365 21.

268 4399 284 4453 3
309 4395 382 4468 lrrig
399 4399 444 4452 mr
462 4395 627 4453 Decembris.
