3056 4944
652 325 715 392 147

106 513 235 574 mortuo
260 506 372 571 relicto
396 504 564 582 abierunt,
600 524 692 586 quem
723 500 892 586 preterivit
924 501 1068 566 sacerdos
1099 503 1130 562 et
1153 497 1260 578 levita,

108 615 232 679 nullam
247 614 400 678 facientes
419 613 447 674 ei
464 607 724 674 misericordiam.
771 605 911 671 Tandem
926 605 1015 671 venit
1034 603 1262 679 Samaritanus,

107 721 161 804 qui
185 719 266 784 lavit
289 718 357 782 eius
379 715 531 792 vulnera,
565 712 700 778 fundens
722 712 848 792 oleum,
879 711 986 794 posuit
1017 711 1050 774 in
1074 711 1261 788 iumentum,

107 824 198 889 duxit
222 821 436 886 instabulum
459 823 492 883 et
520 841 627 883 curam
643 817 710 882 eius
725 817 840 882 hebuit
863 821 922 881 etc.
970 814 1101 880 Demum
1119 815 1263 877 venimus

107 931 191 993 circa
214 927 345 992 tertiam
370 921 481 989 horam
505 924 543 988 ad
566 922 715 1000 Jericho,
750 945 810 1008 que
833 927 976 1006 tempore
998 922 1138 986 filiorum
1163 917 1263 983 lsrael

107 1034 223 1098 civitas
248 1031 353 1096 valida
377 1035 455 1109 erat,
479 1029 566 1093 etin
591 1049 627 1092 ea
643 1027 828 1091 morabatur
844 1024 959 1090 Reab¹
983 1025 1146 1090 meretrix.
1195 1023 1264 1088 Hec

107 1136 295 1221 hospitabat
319 1135 546 1218 exploratores,
571 1134 625 1218 qui
650 1139 741 1198 erant
764 1133 851 1196 missi
875 1130 1010 1196 adosue
1035 1131 1073 1194 ad
1091 1128 1263 1213 exploran-

108 1244 183 1308 dum
206 1246 327 1306 terram
352 1239 579 1324 promissionis,
605 1241 637 1302 et
660 1239 733 1302 dum
759 1241 969 1322 quererentur
992 1259 1011 1300 a
1033 1235 1170 1313 civibus,
1194 1235 1264 1317 ipsa

108 1347 278 1414 abscondit
301 1367 369 1425 eos,
394 1351 425 1410 et
448 1345 598 1410 deludens
622 1347 789 1428 querentes
812 1343 949 1408 dicebat:
985 1341 1055 1406 »Ite
1084 1341 1193 1404 stetim
1225 1339 1264 1403 ad

108 1456 192 1519 riam
218 1457 310 1518 extra
332 1456 458 1535 portam
496 1455 528 1514 et
551 1450 751 1514 invenietis«.
801 1448 841 1512 Et
863 1447 912 1512 illi
936 1448 1078 1527 iverunt,
1104 1453 1137 1511 et
1159 1445 1266 1510 clausa

109 1563 159 1624 est
174 1565 280 1643 porte.
328 1555 402 1639 Ipsa
419 1578 493 1620 vero
517 1557 549 1620 in
568 1559 660 1620 nocte
676 1555 825 1620 submisit
845 1575 896 1618 eos
919 1575 976 1638 per
991 1554 1163 1617 fenestram
1178 1551 1261 1614 muri

112 1665 213 1728 etsie
237 1667 415 1727 evaserunt.
464 1661 503 1724 Et
535 1666 646 1743 postea
669 1660 830 1723 venientes
862 1658 921 1721 filii
945 1657 1060 1735 Israel,
1092 1661 1125 1722 et
1148 1657 1265 1740 septies

110 1767 309 1833 circuierunt
324 1766 497 1844 civitatem,
521 1769 553 1830 et
575 1766 683 1830 subito
707 1764 820 1829 cecidit
843 1785 963 1842 murus,
987 1769 1019 1828 et
1044 1768 1197 1848 ceperunt
1219 1761 1265 1826 ci-

111 1875 247 1938 vitatem
283 1879 315 1936 et
338 1871 568 1936 interfecerunt
590 1893 700 1936 omnes
724 1869 907 1934 habitantes
930 1871 963 1932 in
988 1891 1024 1933 ea
1047 1874 1154 1952 preter
1177 1865 1266 1929 Raab

111 1979 313 2044 meretricem
338 1999 409 2042 eum
433 1977 508 2056 suis,
532 1976 648 2060 quibus
671 1976 815 2040 fecerunt
838 1975 978 2060 gratiam
1002 1977 1134 2058 propter
1157 1971 1266 2054 hospi·

112 2086 204 2164 tium,
228 2085 314 2169 quod
339 2083 467 2148 dederat
490 2082 746 2166 exploratoribus
759 2079 782 2146 ².
827 2079 924 2145 Josue
949 2081 978 2144 6.
1026 2079 1159 2143 Demum
1184 2099 1266 2139 nun·

113 2212 209 2274 quam
232 2190 279 2254 sic
303 2187 448 2253 edificata
471 2195 528 2267 est,
552 2188 635 2251 sicut
658 2186 722 2251 fuit
743 2186 808 2250 illis
831 2186 1036 2269 temporibus.
1084 2181 1161 2246 Post
1182 2201 1267 2257 vero,

113 2303 258 2380 tempore
274 2291 407 2372 Christi,
431 2293 547 2358 iterum
571 2293 717 2356 edificata
739 2297 795 2354 est.
843 2289 883 2354 Et
906 2290 985 2354 dicit
1008 2288 1108 2353 Lucas
1127 2287 1185 2351 19:
1208 2283 1267 2348 Pe-

113 2398 310 2464 rambulavit
334 2397 444 2462 ihesus
465 2397 606 2478 Jericbc,
629 2403 661 2462 et
684 2419 754 2462 ecce
778 2395 927 2476 Zeeheus,
950 2396 1099 2480 princeps
1122 2391 1266 2476 publica·

113 2527 246 2582 norum,
280 2505 421 2568 ascendit
455 2504 488 2568 in
520 2505 666 2569 arborem
689 2504 894 2580 sicomorum,
926 2505 962 2565 ut
985 2500 1106 2563 videret
1130 2496 1267 2561 Ihesum.

113 2607 169 2674 Cui
187 2609 271 2672 dixit
288 2606 413 2673 Ihesur:
440 2608 626 2674 »destinans
642 2610 804 2685 descende,
823 2608 898 2693 quia
914 2608 946 2671 in
963 2607 1055 2671 domo
1071 2610 1128 2669 tua
1142 2604 1270 2687 oportet

117 2737 166 2778 me
192 2736 351 2778 manere«.
398 2714 596 2780 Descendens
619 2716 720 2800 igitur
742 2714 832 2778 duxit
847 2713 976 2777 [hesum
999 2716 1032 2775 et
1053 2707 1212 2794 apostolos
1237 2706 1269 2769 in

113 2819 242 2883 domum
265 2840 356 2884 suam
380 2826 412 2884 et
434 2820 575 2903 gaudens
598 2818 739 2902 suscepit
762 2841 835 2882 eum
858 2823 889 2882 et
912 2817 989 2882 fecit
1013 2816 1057 2880 eis
1079 2812 1269 2888 convivium,

113 2928 145 2986 et
163 2921 208 3006 [p.
228 2921 283 3006 70]
301 2921 447 2986 Christus
463 2924 540 2989 fecit
556 2925 617 2988 sibi
635 2923 775 3008 gretiam
791 2923 912 2987 dicens:
938 2919 1049 2986 »Salus
1073 2919 1146 2983 huic
1164 2915 1270 2982 domui

113 3027 201 3092 facta
224 3031 273 3091 est
295 3027 421 3093 hodie«.
467 3027 509 3092 Et
533 3028 594 3092 ieta
617 3029 729 3092 domus
753 3039 800 3092 est
823 3027 963 3092 desolate
986 3029 1018 3090 et
1042 3027 1214 3103 destructa,
1238 3026 1270 3086 et

114 3133 208 3198 bodie
231 3133 412 3197 ostenditur
434 3132 630 3217 peregrinis3
655 3155 748 3198 nemo
772 3139 878 3196 tamen
903 3133 1020 3212 intret,
1043 3153 1101 3195 nec
1125 3133 1201 3194 suut
1224 3128 1269 3192 ibi

115 3224 317 3321 indulgentie
329 3235 351 3304 ⁸.
399 3235 493 3301 quta
516 3237 605 3301 illem
622 3238 784 3303 civitatem
806 3238 934 3301 sedebat
957 3258 1046 3302 secus
1062 3237 1147 3301 viam
1169 3257 1271 3315 cecus,

115 3343 153 3407 de
176 3365 242 3428 quo
265 3343 383 3408 dicitur
407 3341 480 3408 Luc.
509 3343 558 3421 18,
584 3365 678 3427 quem
701 3342 812 3408 Ihesus
836 3343 1041 3407 illuminavit.
1087 3341 1146 3406 Sed
1170 3361 1269 3424 punc·

116 3453 184 3512 tum
208 3447 299 3512 illins
323 3447 385 3512 loci
408 3470 470 3513 non
495 3449 585 3532 potui
612 3450 756 3532 experire
771 3447 794 3514 ⁴.
840 3447 976 3512 Demum
1000 3451 1075 3512 sunt
1090 3447 1193 3512 adhuc
1215 3468 1269 3511 sex

691 3569 706 3599 Ι

188 3623 202 3675 1
222 3619 304 3676 Nach
324 3621 413 3676 Ghist.
429 3623 477 3676 105
496 3621 554 3676 und
575 3621 755 3686 1111111158
774 3623 856 3678 hatte
875 3621 949 3678 dieue
969 3623 1069 3678 Rahab
1089 3621 1143 3677 den
1157 3621 1272 3676 Salmon

116 3709 277 3778 geheiretet
304 3707 364 3763 und
381 3715 456 3764 ware
482 3709 528 3764 die
547 3713 653 3764 mutter
681 3711 729 3765 des
749 3711 819 3767 Booz
845 3713 985 3780 genesen!
1016 3711 1080 3782 Vgl.
1100 3710 1188 3766 Math.
1210 3711 1229 3774 1,
1247 3716 1272 3768 5.

116 3799 132 3850 2
152 3797 203 3854 Die
215 3797 357 3854 tradition
369 3801 471 3854 wusste
489 3801 564 3854 trote
585 3798 633 3854 der
646 3800 756 3855 dfteren
768 3803 935 3869 aerstbruug
948 3800 964 3854 J
967 3800 1073 3855 erichus
1086 3816 1170 3870 sogor
1184 3797 1272 3852 dieses

118 3885 209 3941 nralte
228 3886 301 3941 haus
319 3903 353 3939 au
371 3887 475 3955 reigen.
512 3885 596 3942 Fabri
618 3885 652 3952 11,
671 3887 713 3941 58.
796 3887 916 3943 aratri
935 3905 960 3944 a.
980 3907 1007 3945 a.
1026 3906 1052 3944 ο.
1073 3889 1161 3941 neunt
1179 3901 1207 3940 es
1227 3885 1273 3939 ein

116 3973 218 4042 grades
236 3974 308 4028 bans
326 3973 356 4028 in
374 3973 423 4030 der
442 3975 524 4030 mitte
544 3975 593 4030 der
612 3976 751 4032 ortschaft
777 3976 831 4030 mit
849 3976 912 4030 sehr
931 3976 1046 4038 dicken,
1066 3971 1273 4042 testungstthn-

117 4061 207 4116 lichen
222 4077 349 4118 mauern.
364 4061 427 4130 Vgl.
436 4063 515 4120 Tobl.
526 4063 592 4134 Top.
603 4063 639 4130 11,
651 4066 712 4120 656.
726 4063 856 4133 Gomady
869 4067 902 4120 44
915 4065 1058 4119 anm.204.
1111 4063 1129 4116 4
1141 4057 1225 4113 Fabri
1238 4057 1272 4123 ΙΙ,

117 4149 153 4204 78
170 4149 228 4204 und
248 4147 339 4204 Ghist.
361 4151 417 4214 105,
437 4151 485 4206 der
503 4151 575 4206 doch
596 4151 639 4208 bei
659 4151 749 4207 dieser
770 4151 919 4207 wellfahrt
936 4149 1068 4219 beteiligt
1085 4164 1160 4210 war,
1178 4163 1274 4202 waren

117 4235 179 4290 hier
196 4237 379 4306 gldckticber,
399 4237 473 4294 denn
494 4238 579 4293 ibnen
598 4239 690 4308 aeigte
709 4258 777 4294 man
796 4240 876 4294 nicht
897 4239 963 4295 11οο
982 4239 1028 4292 die
1046 4234 1197 4305 stellejder
1216 4235 1273 4290 hei-

118 4322 189 4394 rung
206 4323 330 4380 condem
349 4325 419 4380 anch
445 4325 489 4382 cin
510 4326 633 4390 kleines,
664 4327 876 4398 kepellenartig
895 4326 1048 4398 gewolbtes
1067 4324 1209 4380 httuschen
1237 4341 1274 4379 an

118 4410 276 4466 derselben.
317 4410 697 4485 vgl.Tob1.T0p.11,657.
736 4417 798 4472 Alle
826 4415 900 4472 diese
928 4416 1060 4486 angubeu
1077 4415 1188 4468 kdnnen
1207 4413 1275 4470 aber

1000 4507 1066 4570 10*
