3062 4938
650 332 690 402 19

94 512 172 578 vidit
194 535 255 579 nos
270 535 342 578 cum
360 519 472 592 nauta,
495 517 526 578 et
547 513 766 596 navigavimus
782 511 895 579 lacum.
943 513 984 578 Et
999 513 1069 597 ipsa
1091 513 1141 578 die
1164 513 1247 578 eirca

92 617 338 702 completorium
372 618 561 682 intravimus
592 621 779 682 conventum
812 618 951 682 fratrum
982 619 1021 682 de
1043 619 1247 683 observantia

93 729 181 788 extra
197 725 366 790 civitatem
384 722 498 788 Goaris.
545 723 587 788 Et
609 727 716 807 patres
739 744 796 786 nos
819 745 891 788 cum
908 744 1024 807 magna
1039 724 1174 788 caritate
1196 746 1244 788 re-

92 831 247 911 ceperunt
269 831 302 892 et
319 831 547 893 tractaverunt.
601 826 643 890 nt
661 830 775 912 quarta
797 827 888 908 feria,
912 829 953 892 26
976 828 1026 893 die
1042 826 1247 913 Septembris,

91 953 215 998 summo
245 954 340 998 mane
369 939 498 1018 arrepto
529 933 645 998 itinere
669 933 809 998 cursorie
831 933 1024 1016 perfecimus
1046 933 1183 1012 dietam,
1215 937 1247 996 et

91 1059 161 1102 sero
177 1037 319 1103 eiusdem
336 1039 388 1104 die
403 1039 544 1104 venimus
561 1037 775 1104 Mediolanum
800 1042 833 1102 et
850 1038 1039 1102 intravimus
1055 1042 1247 1102 conventum

90 1141 231 1207 fratrum
256 1144 295 1209 de
319 1145 521 1208 observantia
544 1148 635 1208 extra
657 1143 829 1208 civitatem.

180 1246 264 1312 Item
288 1249 322 1312 in
338 1249 470 1314 civitate
486 1248 717 1314 Mediolanensi
741 1253 789 1312 eet
804 1247 987 1313 differentia
1002 1248 1121 1332 triplex
1144 1249 1245 1314 mino-

91 1375 172 1420 rum.
221 1352 381 1418 Nonnulli
405 1355 516 1418 vivunt
539 1355 659 1438 absque
687 1354 763 1439 iugo
798 1359 830 1418 et
864 1355 897 1418 in
920 1354 1118 1437 proprietate
1141 1376 1247 1418 rerum

91 1463 127 1524 ut
152 1459 397 1536 conventualem
422 1458 522 1524 ethii
548 1461 637 1522 etant
660 1458 747 1523 intra
762 1459 927 1522 civitatem
949 1457 983 1522 in
1007 1459 1098 1522 valde
1113 1459 1246 1524 solemni

91 1569 264 1630 conventu.
310 1562 467 1628 Nonnulli
485 1564 600 1628 vivunt
622 1565 681 1628 sub
696 1563 801 1628 forma
817 1563 928 1648 regule
951 1567 983 1630 et
998 1565 1247 1628 declarationum

90 1691 291 1736 summorum
313 1670 502 1753 pontificum
533 1675 565 1734 et
590 1670 668 1734 bene
691 1669 840 1753 religiose
870 1670 902 1733 in
931 1670 1133 1734 observantia
1150 1669 1179 1746 ¹3
1215 1672 1247 1732 et

90 1795 165 1840 eum
189 1775 257 1838 illis
280 1796 414 1850 eramus,
438 1779 471 1838 et
494 1775 615 1858 optime
638 1796 695 1838 uos
711 1779 931 1840 tractaverunt
952 1797 1010 1858 per
1033 1775 1173 1859 quinque
1196 1775 1246 1838 in·

93 1884 205 1964 tegros
229 1880 305 1947 dies.
352 1877 510 1944 Nonnulli
533 1879 588 1943 alii
612 1879 762 1943 dicuntur
787 1879 934 1944 Amatbei
952 1878 973 1960 ²¹,
1004 1883 1036 1943 et
1058 1879 1112 1942 isti
1135 1879 1247 1962 vivunt

91 1984 304 2067 singulariter
325 1985 420 2048 modo
442 1985 607 2062 strictiori,
628 1990 664 2048 ut
686 1985 820 2060 dicitur3
845 1984 921 2069 quid
942 1989 1049 2049 autem
1072 1985 1115 2047 sit
1138 1985 1170 2046 in
1194 2006 1246 2048 ve·

7 2067 8 2082 ¹
91 2089 207 2168 ritate,
242 2089 348 2156 nescio
380 2083 575 2168 nec'indico,
609 2091 685 2154 deus
711 2091 818 2166 novit3
851 2089 1017 2154 anemius
1049 2090 1133 2152 enim
1156 2089 1247 2172 potui

91 2194 212 2257 babere
234 2193 507 2260 fundamentalem
529 2193 799 2260 informationem.
848 2195 942 2260 Multi
967 2199 1073 2260 temen
1098 2196 1135 2259 de
1159 2195 1245 2278 ipsis,

89 2301 128 2362 ut
153 2299 199 2383 [p.
225 2299 280 2382 10]
306 2299 474 2379 intellexi,
507 2301 667 2366 declinant
690 2303 729 2365 ad
751 2302 987 2366 observantiam
1010 2300 1190 2384 regularem
1214 2303 1246 2362 et

89 2405 355 2484 declarationum,
372 2406 511 2470 volentes
527 2407 633 2470 rivers
648 2408 707 2471 sub
723 2406 783 2471 alis
798 2407 908 2472 vicarii
921 2406 1080 2498 generalis
1095 2427 1131 2470 ac
1148 2405 1245 2470 etiam

91 2509 350 2593 provincialium.
396 2509 510 2594 Ibique
533 2511 680 2576 stetimus
703 2515 836 2596 propter
865 2516 953 2577 certa
983 2512 1114 2595 negotia
1136 2515 1246 2575 nostra

93 2636 196 2698 nsque
218 2615 257 2678 ad
280 2614 400 2680 festum
423 2615 656 2682 Translationis
685 2624 793 2682 sancte
816 2616 924 2697 Clare,
954 2617 1036 2702 quod
1060 2620 1129 2681 erat
1153 2618 1172 2679 2
1196 2616 1246 2681 die

92 2717 253 2784 Octobris.
299 2719 348 2786 lbi
373 2721 549 2804 recepimus
575 2722 832 2788 informationem
863 2724 904 2790 de
923 2722 1042 2787 vicario
1065 2720 1208 2806 generali
1223 2717 1245 2784 ³.

182 2823 276 2889 Mane
298 2827 330 2888 in
346 2823 428 2890 festo
443 2829 551 2890 sancte
569 2825 661 2891 Clare
677 2829 875 2892 discessimus
897 2829 930 2892 et
945 2827 1134 2891 festinanter
1150 2827 1245 2890 itine-

93 2929 233 2993 ravimus
261 2929 299 2994 ad
323 2930 516 3012 presentiam
538 2931 652 2996 vicarii
677 2933 845 3016 generalis.
892 2932 934 2996 Et
957 2935 1046 2995 sexta
1069 2929 1151 2996 feria
1173 2934 1246 3013 post

658 3040 678 3074 ἦ

167 3104 178 3154 l
204 3101 266 3170 Vgl.
285 3103 303 3155 2
322 3119 398 3157 anm.
418 3103 443 3158 3.
548 3103 565 3156 2
584 3103 638 3158 Der
656 3103 776 3174 richtige
795 3120 878 3158 name
890 3102 980 3158 dieser
994 3102 1180 3173 abaweiguug
1198 3102 1245 3157 des

93 3186 194 3242 ardeus
221 3188 271 3244 der
290 3187 440 3244 minoriten
469 3189 507 3243 ist
527 3190 661 3245 Amadael
688 3189 755 3246 oder
774 3190 846 3246 auch
864 3189 1057 3244 Amadueitae.
1094 3188 1145 3244 Die
1164 3191 1246 3243 Ama·

93 3275 162 3331 dier
180 3293 274 3331 waren
294 3277 356 3331 eine
374 3277 523 3333 besondere
541 3278 748 3348 congregation
778 3278 828 3333 der
855 3279 989 3346 strengen
1007 3277 1161 3332 observans
1188 3277 1246 3330 und

95 3363 195 3418 balteo
214 3363 295 3418 ibren
316 3381 419 3420 namen
437 3382 491 3420 von
523 3365 701 3420 demaraten
720 3367 812 3420 eustos
840 3365 897 3418 und
917 3363 1105 3434 eigentlichen
1123 3365 1247 3434 grttnder

96 3450 184 3506 dieser
201 3452 420 3522 congregation,
441 3452 614 3518 Amadaeos,
633 3452 764 3518 welcher,
784 3450 907 3521 anfanga
931 3451 976 3508 ein
1005 3452 1105 3506 eremit
1123 3470 1187 3508 vom
1206 3453 1246 3506 bl.

98 3537 281 3608 Hieronymus
294 3537 564 3610 (Hieronymitaner)
583 3525 817 3607 eu'ouadaloupc
834 3538 864 3592 in
883 3536 1015 3608 Spenien,
1033 3538 1072 3592 im
1080 3537 1164 3607 jabre
1179 3540 1245 3594 1452

98 3625 149 3678 mit
160 3627 304 3681 erlaubuis
317 3625 407 3680 aeiner
419 3626 504 3682 obern
525 3628 555 3681 in
575 3627 629 3681 den
643 3625 932 3681 Franciscanerorden
946 3625 1083 3692 bbertrat,
1102 3625 1161 3681 sich
1173 3625 1245 3682 nach

100 3711 196 3768 ltalien
211 3713 303 3784 begab
323 3713 379 3768 und
392 3716 563 3770 nameutlich
585 3715 615 3769 in
635 3715 684 3770 der
700 3713 865 3771 bombardai
884 3711 945 3769 eine
957 3714 1043 3784 grosse
1054 3714 1247 3769 wirksamlreit

98 3801 253 3857 entialtete.
292 3802 347 3856 Der
366 3801 475 3873 enfaug
500 3802 550 3857 der
567 3803 771 3872 congregation
802 3801 868 3856 lttllt
896 3801 926 3856 iu
952 3801 1003 3856 eles
1019 3801 1085 3872 jahr
1106 3803 1187 3866 1469,
1216 3801 1245 3855 in

100 3889 226 3946 welcbem
254 3890 314 3944 siob
335 3889 490 3945 lmadaeus
519 3891 572 3945 mit
601 3890 696 3946 seinen
715 3890 881 3959 aubdngern
902 3907 956 3946 von
984 3890 1034 3944 der
1060 3889 1246 3945 communitdt

98 3983 215 4036 oannes
252 3979 296 4034 lm
310 3979 395 4050 jabrs
415 3980 480 4034 1517
500 3980 594 4034 wurde
612 3979 658 4032 die
671 3977 873 4048 congregation
887 3977 989 4033 wieder
1007 3978 1061 4032 mit
1079 3978 1133 4032 den
1152 3975 1244 4032 obser-

102 4070 202 4122 vanua
220 4067 434 4123 verschmolaen.
464 4067 564 4122 Wadd.
586 4070 659 4122 Anu.
682 4067 727 4129 Vl,
747 4067 783 4122 ad
803 4085 908 4122 annum
929 4068 997 4124 1464
1015 4085 1058 4121 nr.
1078 4067 1112 4120 30
1130 4083 1156 4120 u.
1177 4081 1201 4118 a.
1221 4082 1245 4120 o.

100 4153 119 4206 3
146 4154 239 4210 leidae
266 4155 320 4210 hat
339 4155 466 4212 Walther
495 4157 562 4212 iiber
582 4155 710 4211 Mailaud
738 4173 791 4224 gar
809 4155 890 4210 keine
909 4153 1117 4222 mitteilungen.
1155 4151 1190 4205 Es
1208 4151 1246 4205 ist

101 4240 157 4296 dier
173 4261 219 4297 um
237 4261 268 4299 eo
288 4241 368 4298 mehr
385 4261 419 4296 au
438 4243 587 4307 badanero,
609 4243 652 4298 als
671 4243 724 4296 mit
737 4243 891 4297 ansnahme
904 4239 997 4296 Harffs
1016 4239 1080 4293 lein
1100 4237 1245 4306 gleichzei-

103 4327 172 4398 tigen
197 4329 346 4386 deutscber
372 4331 463 4400 pilger
481 4331 556 4386 disse
574 4331 653 4386 stadt
672 4329 790 4384 besucbt
807 4329 865 4383 und
885 4327 1063 4382 beaobrieben
1082 4324 1141 4381 hat.
1179 4325 1244 4396 Vgl.

103 4413 212 4480 Groote.
232 4417 408 4488 Pilgerfabrt
426 4415 473 4470 dea
491 4418 589 4471 ritters
608 4415 715 4472 Arnold
735 4432 789 4471 ron
809 4413 897 4469 llarff.
934 4411 1003 4466 Gbln
1024 4411 1099 4466 1860.
1127 4412 1178 4466 216
1196 4409 1217 4464 f.

1041 4499 1088 4564 2*
