3054 4944
819 337 882 403 260

275 511 384 596 ibique
407 511 554 576 stetimus
577 532 676 597 usque
700 513 738 576 ad
762 513 877 576 festum
894 510 1151 578 Circumcisionis
1175 512 1206 598 [l
1223 512 1296 578 Jan.
1319 513 1426 600 1484],

274 619 307 680 et
329 617 482 682 exivimus
505 617 630 700 galeam
664 617 697 681 in
720 639 818 701 parva
839 618 951 697 barca,
987 617 1115 702 dixique
1137 619 1266 683 missam
1298 619 1332 685 in
1364 643 1427 685 una

275 742 373 803 parva
395 721 517 807 capella
539 723 629 786 iuxta
659 744 757 787 mare.
803 721 845 786 Et
877 723 947 806 ipsa
978 727 1070 786 nocte
1101 744 1173 788 cum
1195 727 1307 808 optato
1330 731 1427 790 ventu

275 845 425 909 prospere
440 825 572 891 fecimus
595 826 666 902 iter,
690 831 723 890 et
738 826 871 891 sabbato
893 848 985 891 manc
1010 825 1044 911 [3
1059 825 1147 912 Jam]
1169 830 1314 894 venimus
1337 831 1426 895 iuxta

274 930 437 995 civitatem
460 929 568 996 Saram
587 929 609 1012 ¹,
641 955 702 1017 que
725 937 773 996 est
802 933 836 996 in
859 932 1025 1016 provincia
1047 931 1221 1014 Selavcnic,
1245 941 1277 1000 et
1299 935 1347 1000 ibi
1370 935 1426 999 ba·

274 1035 384 1100 bemus
408 1042 597 1102 conventum
621 1036 840 1103 reformatum.
888 1037 929 1102 Et
952 1038 1022 1122 ipsa
1044 1039 1110 1119 die,
1133 1039 1167 1102 in
1191 1045 1302 1105 octava
1325 1041 1426 1105 sancti

274 1139 430 1206 Johannis
452 1143 669 1226 ewangeliste,
703 1143 893 1208 intravimus
916 1149 1107 1209 conventum
1137 1150 1169 1210 et
1192 1145 1257 1210 dixi
1280 1147 1425 1224 missam;

276 1251 308 1312 et
330 1247 522 1312 comedimus
545 1269 617 1313 cum
640 1248 788 1332 patribus
810 1251 939 1315 nostris.
985 1248 1027 1314 Et
1050 1251 1158 1314 eadem
1189 1250 1240 1315 die
1263 1251 1428 1316 interfecit

276 1374 358 1416 unus
373 1352 495 1438 galiota
511 1376 606 1418 unum
638 1355 676 1418 de
692 1353 864 1419 balisteriis
891 1355 925 1418 in
940 1353 1031 1439 galea
1048 1356 1201 1438 capitanii
1216 1357 1254 1421 de
1272 1357 1427 1422 Barutho.

276 1457 318 1522 Et
341 1459 579 1525 interfectorem
610 1460 726 1525 iudicio
760 1465 793 1524 et
823 1460 994 1545 privilegio
1022 1461 1186 1546 galearum
1216 1463 1326 1527 statim
1361 1463 1431 1546 ipsa

275 1564 326 1628 die
342 1566 487 1631 fecerunt
508 1588 566 1649 per
580 1558 807 1649 spiculatorem
822 1565 962 1631 civitatis
976 1565 1052 1631 Sara
1075 1567 1108 1630 in
1124 1566 1217 1650 galea
1232 1567 1424 1652 decapitare.

276 1669 337 1746 Qui
360 1675 393 1736 et
414 1671 559 1756 sepultus
590 1677 638 1736 est
660 1671 730 1754 ipsa
752 1672 803 1736 die
835 1671 867 1734 in
892 1671 1049 1736 cimiterio
1072 1672 1210 1736 fratrum
1234 1677 1428 1752 nostrorum,

276 1777 365 1842 cuius
389 1777 552 1859 sepulture
576 1776 709 1841 interfui
726 1773 747 1840 ².
795 1775 875 1842 ltem
899 1777 1111 1842 indominica
1134 1779 1290 1863 astruenti,
1314 1779 1370 1844 scl.
1395 1780 1427 1842 in

276 1887 387 1947 octava
408 1881 618 1948 innocentum
642 1884 673 1965 [4
694 1881 779 1964 Jam]
803 1884 920 1946 iterum
942 1883 1132 1948 intravimus
1156 1890 1367 1964 conventum,
1399 1889 1430 1950 ct

276 1987 362 2051 dicta
391 1989 488 2052 missa
518 1993 710 2073 sumptoque
742 1987 906 2073 prandi0³
929 1989 1048 2054 intravi
1082 1990 1245 2055 civitatem
1268 1991 1431 2074 querendo

276 2093 463 2176 peregrinos
486 2098 611 2158 nostros
626 2115 796 2178 generosos
813 2093 967 2158 dominos.
1012 2091 1154 2160 Tandem
1174 2095 1351 2179 reperimus
1373 2096 1429 2161 do-

277 2199 400 2263 minum
425 2197 644 2262 Bernhardum
668 2199 707 2262 de
729 2197 960 2283 Breydcnbach
993 2205 1025 2264 et
1056 2200 1218 2265 dominum
1242 2199 1432 2284 Philippum

277 2305 315 2368 de
338 2303 475 2384 Bicken,
509 2307 542 2369 et
564 2304 708 2369 fecerunt
730 2304 933 2370 collationem
964 2309 996 2369 et
1019 2303 1274 2370 informaverunt
1306 2327 1365 2371 nos
1394 2307 1432 2372 dc

277 2409 398 2473 ceteris.
446 2409 488 2472 Et
510 2430 581 2474 cum
596 2410 741 2493 perducti
759 2431 894 2474 essemus
918 2431 976 2493 per
992 2411 1147 2494 quendam
1163 2411 1431 2495 appothecarium

277 2513 483 2594 Alemanum,
516 2518 628 2580 natum
650 2516 688 2580 dc
710 2513 952 2600 Oschenfaburg
965 2514 988 2594 ⁴,
1023 2516 1078 2600 qui
1107 2537 1164 2599 per
1186 2516 1305 2581 multos
1327 2538 1430 2582 annos

277 2625 418 2685 moratus
441 2626 489 2684 est
511 2623 545 2684 in
560 2619 647 2701 Sara,
672 2621 852 2706 rogavimus
867 2621 1032 2686 ostiarium
1054 2621 1172 2701 domus,
1196 2622 1229 2685 in
1254 2627 1431 2707 quaerant

277 2725 396 2788 domini
421 2726 522 2790 nostri
544 2726 685 2806 comites,
708 2729 745 2790 ut
767 2747 824 2791 nos
840 2726 1111 2802 intromitterent3
1137 2725 1192 2810 qui
1216 2747 1273 2791 nec
1295 2747 1353 2791 nos
1378 2727 1431 2791 in·

277 2830 457 2897 tromittere
471 2851 529 2896 nec
549 2831 684 2897 dominis
707 2852 764 2896 nos
790 2833 896 2896 adesse
918 2831 1098 2916 significare
1124 2832 1234 2897 voluit.
1280 2830 1424 2898 Tandem

279 2935 325 3019 [p.
345 2934 422 3022 120]
447 2937 552 3020 sepius
575 2941 705 3022 rogatus
729 2959 854 3021 semper
876 2938 997 3014 renuit;
1019 2938 1296 3020 perseverantibus
1319 2941 1429 3002 autem

277 3041 369 3106 nobis
391 3044 430 3106 ad
453 3043 580 3122 ostium,
605 3065 675 3108 ecce
699 3043 845 3108 mirabile
869 3049 901 3108 ct
921 3043 1065 3107 terribile
1088 3043 1218 3123 factum,
1242 3043 1326 3128 quod
1350 3043 1428 3108 deus

277 3148 432 3230 permisit,
456 3150 539 3214 unde
561 3155 668 3214 autem
691 3155 746 3214 aut
767 3155 900 3233 propter
923 3149 1009 3234 quid,
1033 3149 1109 3213 deus
1132 3149 1202 3228 scit,
1225 3169 1285 3233 ego
1309 3149 1428 3215 nescio.

277 3253 404 3338 Incepit
426 3255 532 3320 subito
556 3255 691 3319 interior
714 3277 787 3338 pars
804 3255 925 3334 domus,
948 3256 1003 3320 ubi
1026 3277 1105 3320 uxor
1129 3260 1162 3319 et
1184 3255 1276 3338 pueri
1292 3253 1430 3338 hospitis

279 3361 496 3440 morabantur,
521 3382 623 3440 ruere,
647 3368 678 3425 et
701 3365 792 3425 tanta
811 3382 959 3444 pressura
981 3361 1067 3426 facta
1089 3365 1147 3438 est,
1171 3361 1254 3444 quod
1270 3359 1430 3438 dixerunt,

279 3470 416 3548 quatuor
439 3485 573 3548 persone
596 3468 700 3530 essent
722 3487 880 3550 oppresse.
926 3465 1050 3550 Hospes
1073 3465 1223 3532 clamavit
1238 3464 1430 3530 lamentabi-

278 3568 369 3633 liter:
395 3567 485 3633 ›Heu
501 3573 563 3634 me!
591 3569 663 3634 Heu
677 3573 744 3635 me!
769 3569 864 3636 Pueri
880 3571 941 3634 mei
960 3575 991 3635 et
1007 3593 1087 3636 uxor
1102 3593 1172 3635 mea
1187 3570 1305 3634 mortui
1320 3575 1427 3636 sunt«

279 3672 368 3738 Tunc
390 3695 447 3738 nos
469 3672 577 3758 fugam
602 3677 753 3757 dedimus,
776 3699 816 3742 ne
833 3677 969 3760 suspicio
992 3677 1092 3756 fieret,
1116 3676 1350 3762 quodpropter
1373 3697 1430 3740 uos

280 3783 361 3844 esset
384 3778 505 3845 factum
521 3780 543 3842 ⁶.
589 3781 630 3846 Et
652 3783 850 3847 visitavimus
873 3783 1034 3848 ecclesiam
1059 3783 1162 3847 sancti
1184 3781 1351 3860 Simeonis,
1375 3782 1430 3866 qui

279 3885 312 3948 in
335 3885 457 3970 templo
479 3887 602 3969 accepit
624 3885 751 3951 Ihesum
781 3887 814 3950 in
838 3887 928 3952 ulnas
949 3908 1038 3966 suas,
1062 3887 1151 3952 cuius
1173 3907 1288 3970 corpus
1311 3885 1429 3950 ibidem

847 4012 864 4043 ἥ·

350 4080 363 4132 l
383 4077 671 4143 sabrinianum
689 4097 726 4134 an
745 4077 848 4133 diesem
869 4081 936 4148 tage
955 4077 1026 4133 auch
1047 4077 1118 4133 nach
1131 4077 1210 4142 Zara,
1230 4076 1280 4131 das
1299 4091 1329 4130 er
1341 4075 1431 4130 Jadra

278 4169 375 4222 nennt.
389 4165 453 4236 Vgl.
462 4183 483 4220 s.
493 4166 535 4221 73.
589 4167 604 4218 2
624 4167 685 4221 Von
699 4166 782 4221 Fabri
795 4167 851 4220 und
865 4165 1011 4221 Breidenb.
1026 4165 1105 4220 nicht
1117 4165 1253 4221 crvvahnt.
1308 4166 1324 4218 3
1345 4161 1428 4216 Fabri

278 4253 327 4317 lll,
346 4255 411 4309 372:
440 4255 518 4324 »post
537 4252 687 4324 prandium
705 4253 884 4309 convenimus
902 4271 951 4310 nos
970 4253 1111 4324 peregrini
1130 4256 1159 4308 at
1176 4252 1324 4306 civitatem
1344 4250 1429 4305 circn-

278 4341 404 4398 ivimnsc
511 4339 789 4411 laschaffenburg?
895 4345 910 4396 5
935 4342 1020 4397 Fabri
1043 4341 1100 4397 und
1119 4339 1266 4397 Breidenb.
1284 4338 1429 4394 berichten

279 4428 380 4485 hieron
398 4427 498 4482 nichts.
