3062 4938
822 306 865 368 26

269 480 498 547 intromittitur
520 481 581 545 nisi
612 481 672 544 lide
700 481 782 547 data
832 480 899 564 Ego
931 479 1013 545 dixi:
1048 478 1221 544 »Dominus
1251 479 1342 544 nobis
1372 480 1414 544 sic

270 589 374 652 astitit
397 610 453 652 sua
468 586 597 672 speciali
614 587 749 670 gratie«.
795 587 861 670 Ipsi
877 586 1042 651 dixerunt:
1069 584 1229 650 »Credatis
1251 585 1410 651 firmiter.‹

270 693 311 757 111
343 716 381 757 ex
403 693 469 756 illis
494 691 758 757 admirationibus
781 714 840 776 ego
863 713 900 756 eo
923 690 1039 756 fortius
1063 690 1216 770 intellexi,
1241 690 1300 756 hoc
1323 691 1413 756 bene·

270 799 376 863 ficium
409 821 465 882 per
496 798 635 862 divinam
658 798 860 862 clementiam
891 801 924 862 et
955 819 1012 880 per
1042 797 1298 862 intercessionem
1328 797 1415 861 beate

271 903 370 967 Maria
394 901 530 986 virginis
561 903 652 967 nobis
674 907 842 988 operatum
873 925 937 968 non
961 903 1079 968 nostris
1102 903 1233 967 meritis.
1282 902 1323 966 Et
1345 925 1414 986 pre-

269 1008 402 1072 sentatis
425 1031 516 1072 mane
540 1008 677 1088 litteris,
701 1010 844 1093 exposito
868 1008 998 1094 negotio
1021 1031 1127 1073 coram
1150 1007 1318 1092 gurdiano,
1354 1029 1415 1070 res·
1516 1011 1521 1034 ⁴

270 1113 382 1197 pondit
406 1113 490 1177 idem
506 1113 625 1179 dicens:
655 1113 876 1180 ›Reverendus
893 1117 985 1198 pater
1000 1113 1138 1178 vicarius
1153 1112 1316 1196 provincie
1339 1135 1416 1178 uon·

270 1219 344 1283 dum
368 1219 505 1298 advenit,
529 1221 582 1284 sed
606 1220 692 1284 omni
717 1219 796 1284 hora
818 1223 1020 1302 expectamus
1048 1218 1275 1303 paternitatem
1298 1238 1414 1296 suem«

270 1323 443 1388 Incurvans
459 1347 510 1389 me
521 1324 732 1408 geniculando
748 1326 857 1411 rogavi
874 1347 933 1409 pro
946 1325 1095 1409 hospitio,
1112 1346 1275 1409 quousque
1286 1323 1416 1401 veniret,

270 1430 404 1494 offerens
427 1453 478 1495 me
500 1431 538 1494 ad
556 1431 768 1495 obedientiam
784 1430 914 1494 interim
936 1431 1020 1494 siout
1040 1429 1135 1494 ceteri
1152 1429 1266 1492 fratres
1289 1429 1327 1492 de
1345 1450 1416 1492 oon-

269 1539 375 1601 ventu.
422 1534 501 1599 Ecce
524 1539 660 1619 quantas
693 1536 814 1620 gratias
837 1535 928 1599 nobis
960 1535 1108 1599 dominns
1141 1533 1360 1616 superaddidit
1382 1553 1418 1595 ex

270 1663 327 1705 sua
348 1639 416 1704 sola
439 1639 620 1704 dulcedine!
656 1662 730 1704 nem
753 1640 943 1704 reverendus
966 1643 1058 1722 pater
1080 1638 1253 1722 gordianus
1283 1660 1342 1702 nos
1365 1637 1417 1701 be·

272 1745 370 1827 11311
393 1748 426 1808 11
448 1745 627 1808 voluntarie
650 1745 806 1828 suscepit,
830 1743 1005 1828 hospitium
1028 1743 1165 1822 addixit,
1190 1763 1342 1826 generose
1365 1763 1420 1806 nos

271 1850 383 1928 tenuit,
406 1853 439 1913 et
460 1872 569 1916 ornnes
592 1854 698 1934 patres
721 1854 752 1914 et
775 1848 892 1914 fratres
914 1849 1006 1913 nobis
1029 1869 1180 1932 magnam
1199 1847 1367 1912 caritatem
1389 1849 1420 1910 et

271 1957 480 2020 reverentiam
504 1955 725 2035 exhibuerunt,
750 1955 895 2040 proprias
917 1955 1013 2020 cellas
1036 1955 1249 2038 assignarunt,
1273 1957 1305 2017 et
1329 1952 1420 2038 qnasi

270 2061 402 2144 angelos
424 2063 473 2126 dei
497 2083 554 2127 nos
577 2083 634 2145 per
658 2066 762 2126 totum
785 2065 926 2145 tempus,
952 2062 1034 2146 quod
1058 2081 1183 2124 eramus
1206 2059 1269 2138 ibi,
1300 2061 1418 2122 tracta·

270 2171 395 2232 verunt.

358 2270 467 2336 Socius
491 2293 617 2356 quoque
647 2294 735 2336 meus
758 2275 909 2356 percepta
931 2293 949 2334 a
972 2271 1030 2334 deo
1053 2269 1177 2352 gratia,
1208 2272 1352 2334 mutatus
1385 2269 1422 2334 de

271 2400 328 2441 sua
349 2377 533 2460 pertinacia,
557 2378 703 2460 prevenit
725 2397 794 2453 me;
825 2399 898 2440 nam
922 2375 1087 2440 humiliter
1110 2378 1289 2459 prostratus
1311 2397 1422 2440 coram

272 2505 333 2562 me,
358 2482 447 2566 quasi
463 2483 565 2546 flendo
582 2502 807 2564 recognoscens
823 2481 950 2564 culpam
974 2503 1061 2544 suam
1087 2481 1168 2544 nude
1190 2484 1221 2544 et
1237 2480 1341 2564 plene,
1366 2481 1423 2545 ob·

271 2609 396 2651 1101111
419 2609 470 2650 ms
493 2587 603 2650 devote
626 2587 792 2670 indulgere
821 2587 883 2651 sibi
907 2586 989 2650 hanc
1012 2587 1139 2651 noxiam
1162 2591 1294 2670 propter
1317 2588 1422 2665 deum,

271 2693 479 2778 promittens,
511 2693 594 2776 quod
617 2715 781 2778 nunquam
813 2693 850 2757 de
873 2697 978 2758 cetero
1000 2693 1098 2756 vellet
1119 2691 1240 2771 facere,
1264 2693 1317 2756 sed
1341 2691 1424 2758 mihi

271 2799 399 2863 omnino
423 2801 455 2861 et
470 2799 649 2862 voluntarie
664 2798 793 2862 obedire
809 2802 841 2861 11
857 2797 1027 2880 diligenter
1043 2797 1161 2862 servire
1178 2801 1209 2862 et
1225 2797 1257 2860 in
1274 2797 1424 2862 omnibns

273 2907 311 2970 de
335 2908 439 2968 cetero
462 2903 564 2967 fidelis
594 2925 669 2968 esse.
715 2903 834 2969 Videns
867 2925 957 2967 suam
988 2902 1142 2966 humilem
1173 2902 1425 2986 resignationem

272 3014 304 3074 et
326 3010 419 3093 culpe
442 3009 693 3092 recognitionem
716 3015 748 3073 et
770 3009 1023 3094 promissionem,
1050 3008 1133 3092 quod
1157 3007 1195 3072 de
1218 3011 1322 3072 cetero
1345 3007 1426 3073 talia

274 3137 335 3180 non
352 3114 449 3178 vellet
470 3115 550 3178 mihi
567 3115 681 3195 facere,
705 3117 867 3180 continere
882 3114 1018 3198 amplius
1040 3135 1091 3177 me
1108 3134 1170 3176 101
1187 3113 1287 3196 potui,
1312 3117 1345 3176 et
1368 3135 1423 3177 ex-

272 3222 378 3303 posito
392 3220 402 3254 ²
419 3219 552 3284 caritate
568 3223 601 3284 11
613 3222 812 3300 confidentia,
829 3222 861 3284 in
878 3242 940 3305 qua
957 3241 1030 3284 eum
1045 3219 1291 3302 assumpsissem,
1307 3223 1426 3301 sponte

272 3330 304 3388 et
328 3325 455 3408 penitus
486 3329 619 3408 propter
648 3327 742 3390 deum
772 3325 877 3390 dimisi
906 3327 939 3388 et
966 3323 1096 3388 indulsi.
1142 3323 1183 3386 Et
1203 3324 1427 3406 superaddidit

270 3430 346 3494 deus
368 3431 506 3513 gratiam
529 3431 637 3510 talem,
661 3431 745 3515 quod
769 3431 916 3514 deinceps
939 3427 1061 3511 incepit
1090 3427 1169 3492 milri
1194 3427 1331 3492 fideliter
1355 3451 1425 3492 ser-

272 3535 349 3614 vire,
372 3537 565 3600 reverentias
581 3537 739 3615 exhibere,
756 3539 901 3620 prompte
918 3533 1057 3613 obedire,
1080 3532 1158 3596 etin
1175 3532 1321 3596 omnibus
1344 3533 1425 3596 fide-

271 3639 397 3704 litatem
426 3641 506 3704 mihi
530 3641 642 3706 facere.
688 3641 771 3705 Laus
803 3646 835 3704 et
858 3639 961 3724 gloria
991 3639 1034 3702 sit
1064 3637 1122 3702 deo
1145 3638 1357 3722 omnipotenti
1393 3643 1427 3704 et

271 3746 514 3812 clementissimo
537 3745 633 3811 lhesu
656 3745 783 3810 Christo
813 3747 846 3810 in
869 3745 993 3810 cunctis
1022 3743 1087 3809 suis
1117 3743 1231 3826 gratiis
1260 3748 1292 3807 et
1321 3743 1428 3822 donis,

272 3853 327 3936 qui
351 3857 423 3935 post
445 3851 594 3917 lacrimas
617 3856 650 3915 et
666 3851 891 3916 tribulationes
907 3850 1066 3934 patienter
1088 3849 1253 3914 tolleratas
1279 3849 1426 3936 largissi-

272 3981 338 4023 mas
362 3957 502 4020 infundit
524 3956 774 4020 consolationes!

358 4061 526 4126 Stantibus
549 4060 640 4124 nobie
662 4059 695 4122 in
720 4059 828 4124 eodem
846 4064 1013 4138 conventu,
1037 4059 1141 4142 parati
1164 4059 1203 4124 ad
1226 4058 1354 4143 singula
1380 4061 1427 4125 le-

272 4169 400 4246 cienda,
433 4189 451 4230 a
475 4163 559 4230 festo
583 4161 733 4230 Undecinr
759 4163 882 4229 milium
907 4165 1066 4251 virginum
1090 4185 1189 4249 usque
1220 4165 1258 4229 ad
1286 4167 1427 4250 primam

837 4310 856 4348 11

346 4393 357 4445 1
380 4391 515 4462 exposita
