3062 4938
813 307 854 374 72

258 485 320 550 tios
349 484 386 548 ad
419 487 556 570 quatuor
591 482 725 568 angulos
749 487 850 564 terre,
886 489 919 551 et
942 485 996 551 ubi
1020 486 1187 552 inveniunt
1209 486 1323 564 virum,
1357 487 1410 571 qni

260 590 357 656 habet
379 611 519 656 mensam
543 589 679 654 ferream
703 593 735 654 et
752 592 951 656 commedens
974 593 1008 656 in
1032 591 1098 671 illa,
1122 591 1262 656 serviens
1284 613 1410 676 quoque

258 694 319 759 sibi
342 695 434 780 virgo
458 693 635 774 inserente,
670 694 789 760 babens
819 696 852 761 in
875 695 976 761 latere
1007 697 1167 764 sedentem
1191 718 1318 775 canem,
1351 697 1411 760 iste

259 801 322 866 erit
345 800 394 866 vir
417 801 608 884 imperator,
642 821 777 885 eumque
808 801 981 868 honorifice
1004 803 1152 868 exaltate.
1200 799 1252 866 Sic
1277 801 1411 866 Romani

259 907 413 970 miserunt
436 905 574 984 nuntios,
598 908 631 970 et
653 905 717 984 isti,
740 906 796 990 qui
819 904 952 971 fuerunt
975 907 1063 972 missi
1080 908 1119 972 ad
1142 907 1333 992 aquilonem,
1358 928 1410 971 re·

259 1012 377 1074 nerunt
400 1009 438 1076 ad
461 1008 702 1090 Scblavoniam,
734 1011 773 1074 ad
796 1032 945 1096 magnam
968 1012 1128 1077 civitatem
1153 1010 1281 1091 Bolam,
1304 1011 1410 1095 inqui·
1524 1085 1525 1088 Ἴ

258 1119 366 1181 rentes
389 1113 465 1178 hinc
490 1114 564 1178 inde
598 1117 632 1178 et
654 1135 717 1178 non
751 1114 952 1180 invenerunt.
1000 1116 1041 1180 Et
1069 1121 1217 1180 exeuntes
1248 1115 1410 1181 civitatem

259 1223 344 1287 cirea
365 1223 503 1304 tempus,
528 1219 655 1303 quando
679 1219 804 1286 faciunt
826 1221 966 1305 agricole
991 1221 1198 1300 ientaculum,
1220 1221 1412 1286 invenerunt
1462 1303 1466 1308 Ι

258 1325 505 1412 Dyocletianum
528 1324 683 1390 rusticum
707 1329 852 1390 arautem
867 1326 902 1390 in
917 1348 1008 1410 agro,
1022 1327 1174 1410 venitque
1196 1325 1412 1410 pulcherrima

258 1433 350 1517 virgo
382 1429 567 1509 iuvenculas,
595 1434 728 1514 portans
755 1431 817 1495 sibi
851 1429 956 1496 offam.
1013 1429 1086 1516 Ipse
1112 1433 1221 1497 statim
1256 1433 1412 1516 pervertit

259 1543 401 1602 aratrum
427 1539 458 1600 et
480 1535 618 1601 comedit
641 1535 675 1600 in
698 1555 834 1614 vomere,
858 1535 1000 1601 serviens
1023 1537 1084 1601 sibi
1107 1537 1208 1622 virgo,
1231 1541 1264 1602 et
1283 1537 1413 1602 sedebat

261 1643 348 1708 canis
371 1641 403 1706 in
427 1640 528 1706 latere
551 1661 619 1730 suo.
652 1639 804 1706 Videntes
820 1640 880 1706 boc
896 1642 1005 1706 nuntii
1028 1642 1177 1708 dixerunt
1199 1644 1237 1707 ad
1260 1642 1412 1708 invicem:

262 1747 376 1813 »Certe
391 1745 444 1812 hic
467 1749 524 1826 est,
548 1767 640 1830 quem
665 1767 722 1810 nos
746 1745 918 1829 querimus.
951 1745 1030 1811 Ecce
1055 1767 1162 1812 mensa
1184 1746 1296 1826 ferrea,
1319 1748 1411 1831 virgo

261 1857 293 1918 et
316 1851 440 1917 canis!‹
466 1850 506 1915 Et
522 1850 671 1915 dixerunt
693 1851 732 1915 ad
756 1871 846 1914 eum:
871 1848 959 1914 »Nos
974 1872 1082 1915 sumus
1104 1851 1192 1916 missi
1215 1851 1351 1917 aRoma
1373 1855 1413 1919 ad
1526 1869 1527 1886 ³

262 1957 457 2043 querendum
488 1955 650 2020 hominem
680 1955 718 2019 ad
748 1955 1008 2039 imperatorium,
1033 1961 1065 2021 et
1088 1961 1124 2020 tu
1146 1977 1217 2022 ecce
1239 1961 1287 2022 es!
1326 1958 1412 2035 Qua·
1527 2019 1528 2048 Ξ

260 2067 393 2149 propter
416 2061 509 2126 debes
526 2060 693 2126 nobiscum
718 2060 794 2126 ire<
821 2059 997 2144 Respondit
1014 2059 1258 2146 Dyocletianus:
1283 2060 1337 2126 »Si
1353 2083 1412 2147 ego

260 2170 359 2235 debeo
383 2187 448 2232 esse
471 2167 644 2250 imperator
663 2185 820 2245 romanus,
846 2169 922 2230 tunc
945 2166 1078 2249 probate
1101 2167 1228 2251 prins!‹
1254 2166 1414 2232 Dixerunt
1527 2225 1528 2238 ,

259 2275 338 2358 ipsi:
377 2271 437 2336 »Et
460 2271 617 2356 quomodo
640 2271 697 2350 vis,
732 2275 769 2334 ut
792 2270 977 2354 probemus,
1013 2276 1045 2335 et
1067 2272 1196 2336 indubie
1224 2271 1409 2339 faciemus<
1526 2279 1528 2354 f

261 2379 366 2444 Dixit:
391 2374 444 2442 »si
468 2395 528 2460 ego
549 2397 620 2440 sum
643 2373 826 2454 romanus¹‚
849 2375 1029 2458 decapitate
1053 2376 1092 2440 ad
1114 2376 1225 2440 stetim
1247 2377 1333 2442 inter
1357 2399 1412 2443 vos

259 2483 454 2568 superiorem
478 2485 511 2544 et
532 2477 748 2545 inferiorems.
793 2478 911 2544 Statim
945 2479 1169 2564 impleverunt.
1215 2481 1257 2546 Et
1278 2483 1412 2547 detrun·

260 2589 340 2653 catis
369 2585 528 2670 capitibus
551 2583 709 2668 equitavit
737 2585 776 2648 ad
800 2584 935 2650 Romam
964 2586 1123 2650 attactus
1146 2593 1194 2651 est
1225 2587 1412 2670 imperator.

260 2692 335 2758 Non
358 2697 430 2776 post
453 2691 589 2755 multum
622 2692 749 2774 tempus
783 2690 885 2755 faetus
917 2694 965 2755 est
988 2692 1141 2756 infirmus.
1189 2691 1258 2756 Hoc
1280 2693 1411 2758 audiens

260 2797 522 2877 Maximinianus‚
545 2796 668 2862 vicinus
695 2818 770 2860 suus
792 2797 826 2861 in
850 2796 946 2877 Boia,
977 2798 1042 2862 cito
1072 2797 1131 2862 ivit
1160 2798 1199 2862 ad
1224 2797 1356 2862 Romam
1380 2803 1413 2864 et
1528 2823 1529 2896 ss

261 2905 348 2970 venit
373 2904 412 2969 ad
435 2925 506 2968 eum
530 2906 562 2968 et
584 2903 666 2967 dixit
689 2901 755 2968 illi:
783 2901 859 2968 »Vis
881 2903 962 2968 mibi
986 2903 1064 2968 bene
1087 2903 1241 2986 premere,
1264 2925 1323 2988 ego
1340 2905 1413 2970 volo
1528 2929 1529 2978 }

262 3015 293 3075 te
316 3029 458 3074 sanare«.
506 3005 597 3070 Dixit
628 3005 872 3091 Dyocletianus:
909 3007 1086 3092 ›Quidquid
1111 3008 1158 3072 vis
1194 3013 1226 3072 et
1260 3009 1414 3091 postulas,
1527 3027 1529 3072 3

262 3116 334 3181 volo
357 3115 418 3178 tibi
442 3114 547 3178 dare«.
594 3111 809 3178 Promissione
832 3113 918 3178 facta
933 3113 1056 3197 incepit
1079 3136 1150 3178 eum
1175 3135 1285 3198 regere
1300 3137 1413 3180 secuu-

262 3221 335 3285 dum
351 3219 479 3284 modum
507 3219 712 3298 rusticorum,
735 3225 833 3302 prout
856 3219 923 3302 ipse
947 3219 1035 3302 prius
1058 3219 1139 3284 vixit
1163 3220 1195 3283 in
1219 3219 1299 3299 cibo,
1323 3226 1411 3306 potu,

262 3329 294 3389 et
317 3323 403 3389 omni
427 3323 477 3389 die
500 3325 686 3388 exercitavit
723 3347 792 3389 eum
829 3346 885 3408 per
908 3345 1004 3387 unam
1027 3323 1136 3389 horam
1161 3326 1193 3389 in
1220 3327 1414 3392 rusticorum

263 3429 436 3494 laboribus.
484 3427 601 3492 Statim
629 3429 750 3512 incepit
775 3427 992 3494 convalescere
1027 3434 1059 3493 et
1090 3429 1194 3494 factus
1226 3436 1274 3496 est
1306 3451 1413 3496 senus.

265 3533 307 3597 Et
340 3537 467 3616 recepta
498 3533 638 3598 sanitate
668 3532 751 3597 dixit
773 3531 1018 3617 Dyocletianus:
1053 3531 1150 3598 »Pete
1176 3533 1236 3598 tibi
1263 3537 1414 3618 pretium,
1527 3537 1529 3544 ’

265 3639 349 3723 quod
372 3639 456 3703 nist«
503 3637 592 3703 Dixit
617 3638 879 3704 Maximinianus:
907 3637 974 3702 >Tu
998 3661 1080 3703 esses
1102 3645 1257 3718 mortuns,
1280 3639 1334 3703 sed
1357 3661 1415 3724 per

263 3767 314 3808 me
336 3744 521 3828 sospitatem
547 3744 704 3827 recepisti.
753 3743 838 3828 Ergo
862 3743 952 3823 vole,
984 3750 1021 3808 ut
1044 3745 1212 3828 permittas
1235 3765 1285 3808 me
1308 3751 1413 3809 tecum

264 3871 330 3914 esse
354 3849 599 3933 imperatorem,
632 3851 768 3915 similem
795 3849 855 3914 tibi
878 3851 910 3913 iu
945 3850 1121 3914 omnibus«
1168 3849 1210 3913 Et
1241 3849 1286 3914 sic
1308 3850 1416 3914 tenuit

263 3955 471 4038 promissum,
503 3955 661 4020 attactus
685 3961 732 4020 est
754 3956 930 4038 imperator
952 3975 1022 4019 eum
1048 3953 1125 4037 ipso.
1172 3953 1213 4018 Et
1237 3953 1313 4018 faeti
1338 3961 1415 4019 sunt

262 4061 316 4124 isti
350 4061 478 4144 pessimi
511 4061 623 4126 rustici
657 4062 718 4126 duo
741 4060 870 4124 maximi
894 4067 1113 4144 persecutores
1147 4057 1414 4140 Christianorum,

262 4167 346 4231 sicut
369 4165 453 4230 clare
475 4169 566 4250 patet
597 4165 829 4250 perlegendas
852 4164 1026 4229 multorum
1049 4169 1240 4229 sanctorum.
1287 4163 1329 4229 Et
1352 4167 1413 4231 im·

829 4311 848 4345 t·

338 4393 350 4446 l
372 4393 527 4464 Imperator
544 4409 578 4446 nn
597 4395 743 4462 ergtnsen.
