3054 4944
799 337 864 402 252

258 517 367 590 tron03
391 517 582 578 mercatores
605 516 638 578 et
653 513 813 597 peregrini
839 517 1010 578 nouerant
1030 513 1205 593 nobiscum,
1228 513 1304 597 qnia
1319 512 1410 595 galee

256 619 499 702 atempeate[p.
526 618 635 702 116]te
657 619 755 682 maris
777 623 869 682 erant
894 619 1033 700 disperse
1055 618 1094 682 ad
1117 619 1255 683 diversas
1278 619 1409 684 insulas.

256 723 299 788 Et
322 724 455 807 prandio
472 727 643 806 apportato
666 724 703 787 de
726 723 818 806 galea
841 724 879 788 ed
904 723 980 787 litus
1004 723 1101 786 maris
1123 724 1314 806 sumpsimus
1337 745 1410 788 cum

257 829 463 908 iucunditate,
489 833 600 912 postea
615 827 824 910 spatiavimua
847 826 923 890 hinc
946 827 1019 891 inde
1038 828 1129 891 iuxta
1144 827 1268 892 diversa
1283 828 1409 908 casalia,

256 935 311 998 ubi
335 934 469 998 vidimus
493 933 600 1015 plures
625 930 743 996 Grecos
765 932 931 1016 utriusque
959 953 1061 998 sexus.
1109 931 1151 996 Et
1173 932 1280 998 eadem
1304 933 1410 997 insula

259 1045 307 1101 eat
330 1039 426 1102 etiam
449 1038 507 1102 sub
530 1041 688 1121 potestate
704 1035 908 1114 Venetomm‚
932 1041 964 1100 et
987 1037 1106 1100 habent
1129 1037 1174 1101 ibi
1195 1037 1409 1120 capitaneum,
1431 1043 1441 1063 '

257 1142 312 1226 qui
336 1143 520 1226 propinavit
543 1141 667 1226 aliquos
690 1146 851 1206 castranos
874 1145 984 1206 nostro
1007 1144 1151 1224 patrono.
1198 1139 1237 1205 In
1261 1141 1312 1205 die
1334 1163 1410 1208 vero

257 1247 331 1310 lune
355 1246 412 1328 [24
436 1243 532 1330 Nou]
555 1246 727 1310 mansimus
751 1247 878 1311 ibidem.
926 1246 966 1311 Et
998 1247 1068 1330 ipsa
1095 1247 1144 1310 die
1166 1246 1231 1310 vidi
1261 1247 1292 1310 in
1318 1247 1411 1329 galea

259 1351 419 1436 flagellare
435 1351 625 1440 terribiliter
647 1356 712 1416 tres
735 1352 870 1435 galiotas
892 1373 963 1416 cum
987 1371 1098 1435 grosso
1121 1351 1206 1430 fune,
1231 1351 1307 1434 quia
1329 1371 1409 1435 neg-

257 1457 405 1520 lexerunt
436 1477 545 1521 eorum
570 1458 696 1542 vigilias
729 1459 762 1522 in
798 1462 890 1523 nocte
913 1457 1085 1540 preterita,
1119 1457 1201 1520 sicut
1232 1455 1337 1520 solent
1358 1477 1409 1520 se-

256 1562 393 1626 cundum
425 1565 681 1628 consuetudinem
712 1565 839 1648 vigilias
871 1569 988 1628 tenere.
1033 1561 1117 1627 ltem
1148 1561 1181 1626 in
1213 1561 1265 1625 die
1298 1565 1410 1626 sancte

260 1665 435 1731 Kathcrine
459 1667 512 1752 [25
531 1667 626 1751 Non]
651 1669 768 1732 iterum
791 1668 856 1732 dixi
880 1668 1007 1731 missam
1029 1667 1063 1730 in
1087 1666 1198 1730 eadem
1219 1666 1354 1748 capella,
1378 1671 1412 1730 et

257 1772 369 1836 statim
391 1771 579 1836 intravimus
601 1795 709 1836 omnes
739 1773 862 1856 galeam
882 1771 902 1837 ¹.
950 1773 990 1836 Et
1020 1773 1058 1838 de
1087 1793 1157 1836 sero
1190 1773 1274 1838 circa
1295 1771 1410 1836 horam

257 1876 455 1960 completorii
479 1879 619 1942 surrexit
634 1883 747 1942 ventus
770 1899 828 1962 pro
851 1877 952 1955 nobis,
977 1882 1009 1942 et
1024 1877 1150 1942 duravit
1174 1877 1332 1961 usquead
1357 1898 1409 1940 se·

260 1982 386 2065 quentia
410 1982 470 2046 diei
493 1982 605 2049 horam
620 1984 758 2068 primam
781 1987 854 2067 post
868 1985 1049 2062 meridiem
1073 1987 1149 2048 tunc
1165 1982 1304 2046 surrexit
1326 1987 1409 2046 tem·

258 2089 365 2169 pestes
380 2087 485 2150 valida
507 2093 541 2152 et
559 2088 685 2152 duravit
708 2088 895 2172 perplures
918 2088 993 2167 dies,
1017 2093 1049 2152 et
1072 2089 1189 2152 iterum
1205 2086 1329 2171 expulit
1352 2107 1411 2150 nos

257 2191 477 2274 potentialiter
500 2197 590 2258 extra
612 2215 716 2257 veram
740 2195 821 2258 viam
854 2215 913 2276 per
946 2193 1049 2257 multa
1072 2191 1225 2270 miliaria,
1255 2192 1302 2254 ita
1325 2191 1410 2275 quod

257 2317 314 2378 per
337 2296 481 2379 quintam
506 2300 539 2361 et
560 2303 682 2362 sextam
704 2298 800 2362 ferias
824 2297 884 2384 [27
911 2297 975 2362 und
999 2297 1040 2360 28
1065 2295 1164 2382 Nou]
1189 2296 1411 2378 navigavimus

257 2400 288 2463 in
314 2423 400 2464 mare
424 2400 593 2466 hincinde
616 2423 686 2467 cunr
712 2424 826 2488 magno
850 2399 1034 2486 periculo²;
1059 2406 1091 2465 et
1113 2401 1165 2464 vix
1187 2401 1298 2465 sabato
1322 2400 1408 2464 circa

256 2527 401 2588 vesperas
425 2507 481 2588 [29
498 2505 593 2590 Nou]
611 2511 794 2591 poteramus
808 2507 968 2591 applicare
986 2511 1114 2590 portum
1136 2505 1225 2569 iuxta
1240 2504 1408 2568 castellum

257 2609 487 2695 Malfasyam⁸,
521 2613 609 2676 iuxta
632 2613 715 2696 quod
739 2612 905 2676 castellum
929 2615 977 2675 est
1009 2610 1219 2675 fortissimum
1248 2615 1409 2684 castrum

258 2715 367 2800 ibique
388 2723 554 2782 morantur
577 2717 669 2783 Greci
700 2723 732 2782 et
754 2721 829 2782 sunt
851 2717 910 2780 sub
934 2720 1091 2800 potestate
1114 2714 1318 2780 Venetorum.
1368 2714 1411 2778 Et

256 2842 328 2887 cum
351 2823 676 2908 appropinquavimus
705 2845 775 2888 sero
805 2825 837 2887 in
876 2823 926 2886 die
954 2827 1063 2888 sancte
1094 2819 1270 2885 Katherine
1283 2820 1306 2898 ⁴,
1338 2841 1409 2884 mu·

257 2933 344 2992 tatus
368 2933 415 2993 est
442 2931 554 2993 ventus
577 2929 732 2993 olfactus
757 2950 815 3012 pro
838 2928 938 2992 nobis.
984 2925 1074 2990 Tunc
1096 2932 1193 2990 naute
1214 2925 1321 2990 subito
1336 2946 1408 2988 ver·

258 3033 370 3098 tebant
392 3033 497 3098 velum
522 3038 555 3096 et
579 3032 713 3118 galeam,
736 3039 899 3116 sperantes
922 3053 1109 3115 recuperare
1123 3031 1208 3096 viam
1230 3031 1409 3114 perditam3

258 3138 311 3202 sed
335 3137 417 3202 eirca
440 3137 580 3202 medium
611 3139 715 3202 noctis
743 3139 859 3201 iterum
882 3141 995 3201 ventus
1018 3135 1122 3200 factus
1153 3140 1202 3199 est
1231 3137 1411 3204 contrarius

257 3247 290 3307 et
305 3242 429 3327 expulit
443 3263 500 3306 nos
516 3242 734 3325 potentialiter
754 3264 825 3307 cum
842 3263 958 3326 magno
974 3241 1088 3306 timore
1110 3244 1143 3304 et
1158 3239 1300 3323 periculo
1317 3245 1411 3304 extra

258 3349 341 3412 viam
365 3347 402 3411 ad
421 3351 526 3430 partes
543 3345 654 3410 Grecis
668 3368 768 3431 usque
790 3345 828 3410 ad
845 3349 973 3430 portum
989 3344 1080 3409 iuxta
1095 3349 1234 3409 castrum
1251 3343 1372 3431 Nylum
1386 3343 1410 3424 ⁸,

334 3624 346 3676 l
368 3623 445 3678 Auch
463 3623 547 3678 Fabri
566 3625 623 3679 und
638 3624 782 3679 Breidenb.
802 3626 926 3679 mnsaten
940 3623 1000 3679 vien
1018 3626 1085 3692 tage
1102 3624 1140 3678 im
1160 3624 1245 3680 belen
1256 3623 1410 3680 Schefanua

261 3708 380 3764 bleiben.
451 3711 468 3764 2
489 3711 648 3766 »lnutilitcr
665 3712 856 3780 evagabamnr
875 3727 924 3780 per
939 3727 1017 3765 mare
1033 3713 1171 3780 Aegeum«
1194 3711 1274 3766 Fabri
1289 3711 1335 3772 lll.
1349 3713 1408 3768 306.

258 3801 274 3852 3
293 3795 377 3852 Fabri
397 3797 447 3866 111,
466 3799 532 3853 315:
553 3815 630 3852 »eum
651 3799 894 3869 advesperasceret
912 3799 948 3853 ad
970 3815 1054 3856 cornu
1073 3800 1183 3855 Maleae
1200 3799 1408 3870 appropinqua-

260 3887 376 3940 vimus«.
415 3886 546 3942 llallaaia
564 3887 635 3957 liegt
653 3887 732 3942 nicht
751 3887 884 3957 gasvalt
903 3889 986 3958 (circa
1005 3887 1039 3942 30
1052 3887 1211 3954 lrilometer)
1230 3903 1286 3942 von
1304 3886 1408 3942 diesem

258 3974 432 4044 rorgebirge.
539 3977 555 4030 4
575 3975 617 4028 Da
637 3974 688 4028 des
706 3973 762 4029 leat
780 3975 830 4029 der
849 3975 888 4030 hl.
902 3975 1061 4028 Katharina
1080 3991 1127 4028 am
1146 3975 1180 4028 25
1200 3973 1271 4028 Nor.
1290 3973 1410 4042 gefeiert

259 4061 338 4126 wird‚
357 4062 428 4131 liegt
447 4063 506 4117 bier
524 4062 568 4117 ein
580 4063 682 4117 irrtum
693 4062 836 4116 Waltbers
849 4079 906 4119 vor.
944 4063 978 4116 Es
992 4061 1068 4116 kann
1088 4061 1148 4115 bier
1166 4077 1220 4114 nur
1234 4077 1297 4116 vom
1317 4059 1408 4115 abend

260 4148 308 4202 dea
327 4151 361 4202 29
380 4149 452 4206 Nov.
478 4149 522 4204 die
541 4149 605 4204 reda
632 4149 705 4212 sein,
734 4147 791 4201 und
818 4149 868 4204 der
895 4148 934 4202 ist
953 4147 1052 4218 vigilia
1071 4165 1091 4203 s.
1113 4146 1240 4202 Andreae
1257 4149 1287 4201 et
1305 4147 1409 4202 festum

258 4253 279 4288 a.
299 4235 453 4292 Saturnini.
560 4237 669 4291 ttlvraa
687 4235 758 4289 nach
777 4235 860 4290 Fabri
879 4237 927 4300 Ill,
946 4237 998 4291 316
1018 4235 1085 4292 Milo
1105 4233 1213 4290 heissen.
1250 4233 1409 4290 Sondcrbar

257 4321 302 4386 ist,
321 4322 387 4378 dass
400 4323 538 4388 Waltber,
558 4323 607 4379 der
625 4323 669 4379 die
689 4323 759 4378 insel
779 4341 801 4378 a.
813 4323 847 4380 83
869 4323 937 4378 Mile
958 4325 1086 4393 genennt
1103 4323 1192 4387 hatte,
1211 4322 1256 4376 ihr
1275 4321 1335 4376 hier
1354 4321 1409 4378 den

257 4426 360 4466 namen
377 4410 468 4480 Nylus
485 4411 571 4482 giabt.
