3054 4944
841 339 906 405 306

297 513 328 577 in
353 512 558 580 Iberusslem.
604 513 694 579 Inter
717 514 775 581 hos
798 519 830 580 et
852 513 971 580 Grecos
994 513 1170 580 exorabiles
1192 520 1268 581 sunt
1295 517 1450 582 discordie

297 625 329 683 et
351 620 559 684 dissensiones
582 619 803 703 implacabiles
836 624 868 686 et
890 621 1029 686 invicem
1052 620 1107 684 elii
1131 620 1266 686 aliorum
1291 623 1374 687 ritus
1398 623 1450 688 ‹le-

297 727 466 789 testsntur.
514 722 561 810 [p.
580 723 657 808 359]
677 725 808 790 Armeni
825 726 859 790 in
876 747 1011 790 numero
1026 745 1144 808 magno
1160 725 1345 792 inhabitent
1358 749 1449 794 sanc-

296 835 362 894 tem
379 830 541 894 civitatem
558 827 766 911 Iberusalcm,
790 831 943 896 habentes
962 831 1173 897 communiter
1195 833 1240 896 ibi
1256 834 1449 917 episcopum,

298 935 363 1019 qui,
386 939 424 998 ut
447 935 544 999 moris
566 939 625 1016 cst,
648 936 753 1001 nutrit
775 937 853 1001 duos
876 937 975 1002 cirros
998 937 1031 1000 in
1055 936 1169 1020 capite,
1192 937 1283 1002 iuxta
1305 943 1451 1021 tempora

297 1039 574 1123 dependentes..
600 1089 607 1105 .
653 1038 742 1105 inter
776 1047 898 1106 celeras
926 1041 1071 1107 nationes
1093 1041 1270 1106 sacerdotes
1295 1043 1450 1106 Armeno·

296 1167 366 1210 rum
391 1146 492 1232 magis
507 1145 627 1211 msturi
643 1145 803 1225 incedunt,
829 1147 886 1212 vili
910 1151 942 1212 et
957 1145 1097 1231 simplici
1118 1145 1232 1212 habitu
1248 1146 1367 1212 vestiti.
1414 1145 1450 1210 In

296 1250 493 1316 orationibus
516 1255 549 1315 et
571 1251 683 1315 officiis
700 1273 807 1317 eornm
825 1253 942 1332 devoti,
966 1252 1172 1318 sacramentis
1189 1249 1378 1317 Latinorum
1403 1271 1450 1315 re·

296 1356 470 1422 verentium
486 1356 680 1422 exhibentes.
713 1356 751 1422 In
768 1379 827 1423 usn
843 1357 963 1423 habent
973 1358 1149 1423 solemnem
1165 1356 1330 1423 ecclesiam
1346 1356 1450 1422 sancti

296 1459 407 1527 Jacobi
424 1461 563 1542 maioris,
586 1463 640 1526 ubi
664 1462 727 1528 fuit
749 1463 790 1528 ab
807 1462 933 1530 Herode
950 1463 1123 1528 decollatus
1140 1461 1161 1529 ¹.
1206 1461 1332 1528 Tenent
1354 1461 1451 1526 etism

298 1567 460 1632 eeclesiam
476 1567 661 1648 Salvatoris‚
685 1569 740 1633 ubi
763 1573 906 1654 tempore
922 1568 1042 1635 Christi
1067 1573 1136 1634 erat
1159 1568 1269 1634 domus
1286 1566 1419 1652 cayphe
1429 1563 1452 1630 ².

388 1673 433 1757 [p.
457 1672 533 1758 360]
557 1671 604 1738 De
628 1674 818 1759 Georgienis
841 1679 874 1740 et
897 1675 1069 1754 erroribus,
1093 1673 1315 1740 habitantibus
1338 1673 1374 1736 in

625 1781 756 1846 civitate
778 1785 888 1848 saneto
911 1779 1118 1847 Iberusalcm.

386 1883 525 1968 Populus
558 1885 727 1951 bellicosus
751 1885 941 1972 Georgium,
975 1887 1013 1953 de
1045 1907 1108 1971 quo
1142 1883 1237 1950 multi
1267 1882 1452 1948 inhabitent

297 1986 492 2053 iherusalem
509 1989 634 2055 diverse
656 1989 725 2056 loca
740 1995 942 2076 occupantes.
988 1989 1178 2076 Specieliter
1194 1989 1313 2054 hebent
1336 1988 1370 2052 in
1396 2009 1452 2050 usu

296 2115 406 2158 eorum
429 2093 535 2160 locum
557 2093 702 2161 Calvarie
736 2101 768 2162 et
791 2098 977 2163 custodiunt
999 2096 1161 2177 foramen,
1188 2096 1221 2160 in
1245 2116 1308 2180 quo
1331 2091 1452 2158 Christi

296 2221 374 2265 crux
396 2201 498 2282 stetit,
522 2205 555 2266 et
578 2201 669 2267 iuxta
684 2205 820 2268 eundem
841 2203 946 2270 locum
969 2202 1080 2283 altare,
1105 2207 1138 2267 et
1160 2206 1226 2266 slat
1240 2199 1453 2266 communiter

297 2327 379 2370 nnus
413 2305 458 2370 ibi
481 2304 621 2371 inclusus
636 2304 659 2370 ⁸.
706 2307 764 2372 lsti
796 2308 894 2374 eliam
925 2308 1046 2374 habent
1076 2307 1238 2373 ecclesium
1262 2304 1450 2370 Sanctorum

299 2411 498 2497 Angelorum
520 2413 554 2477 in
577 2415 685 2477 monte
705 2411 808 2499 Syon3
839 2415 909 2498 ipsa
931 2412 995 2479 fuit
1018 2415 1129 2480 domus
1147 2413 1238 2484 Anne
1253 2407 1450 2495 pontilicis⁴.

431 2515 478 2581 De
502 2516 690 2584 Abbassinis
714 2525 748 2584 et
770 2521 933 2586 erroribus
955 2541 1074 2602 eornm,
1098 2517 1319 2584 habitantibus

744 2625 778 2690 in
802 2625 1009 2692 iherusalem.

385 2727 422 2792 In
447 2777 479 2794 ..
497 2778 504 2794 .
529 2728 724 2796 Iberuselcm
740 2731 890 2798 habitent
905 2732 967 2798 viri
985 2755 1048 2798 non
1064 2731 1169 2816 pauci,
1193 2729 1248 2816 qui
1266 2726 1451 2800 Abbassini,

296 2833 361 2898 elio
376 2855 451 2900 vero
466 2837 595 2901 nominc
609 2836 750 2902 Yndieni
774 2841 935 2918 vocantur,
960 2887 967 2904 .
993 2887 1000 2904 .
1025 2887 1032 2904 .
1057 2837 1110 2902 isti
1135 2856 1245 2902 omnes
1267 2835 1343 2898 suut
1367 2830 1451 2916 nigri

297 2941 387 3024 quasi
423 2939 595 3026 Ethiopes,
634 2943 774 3008 multum
807 2942 902 3009 zelosi
944 2945 983 3009 ad
1027 2943 1097 3009 loos
1138 2945 1249 3008 sancte
1283 2935 1451 3002 visitanda

866 3059 886 3095 s

368 3115 380 3169 1
402 3100 476 3170 beer
495 3113 568 3171 diae
586 3115 920 3188 1111131109]ομ
934 3116 1016 3182 1354
1032 3115 1059 3173 ff.
1078 3115 1135 3172 une
1154 3116 1237 3186 sopp,
1250 3113 1306 3169 ur.
1321 3109 1342 3176 1,
1357 3111 1409 3166 ser
1424 3105 1451 3162 ff.

297 3203 314 3255 2
333 3201 413 3256 Siehe
432 3203 503 3259 oben
523 3221 544 3258 s.
558 3203 618 3259 276.
648 3203 778 3261 Walther
796 3205 875 3276 giebt
893 3205 965 3260 anch
984 3205 1034 3260 das
1048 3203 1221 3259 armenische
1233 3199 1372 3271 alphabet
1390 3197 1449 3264 (wie

296 3289 367 3343 euch
387 3288 469 3343 Herll
486 3289 558 3360 201),
578 3291 711 3346 webrend
738 3309 767 3346 es
787 3291 830 3348 bei
851 3291 1043 3348 Breidenbach
1061 3289 1243 3362 (wenigstens
1271 3287 1301 3342 in
1319 3285 1371 3341 der
1389 3301 1449 3340 aus·

295 3375 369 3444 gabe
388 3393 442 3432 von
462 3376 540 3446 1499)
557 3377 646 3443 fehlt,
669 3378 824 3446 jedenlalls
843 3379 911 3435 aber
928 3397 982 3433 nur
1001 3379 1108 3448 insolge
1127 3377 1203 3433 eines
1222 3373 1387 3437 versehsns,
1414 3371 1449 3426 de

295 3479 323 3517 es
340 3463 380 3517 im
399 3465 476 3519 texte
488 3465 683 3521 ausdrucklich
696 3467 798 3522 beisst:
821 3465 949 3522 sHebent
963 3483 1073 3537 quoqne
1086 3464 1202 3521 Armeni
1215 3461 1363 3535 proprium
1382 3459 1449 3515 idio

295 3566 344 3604 ma
359 3555 388 3606 et
406 3551 534 3623 proprias
552 3553 665 3610 litteras
684 3597 690 3610 ,
710 3591 718 3608 .
736 3593 744 3610 .
781 3555 831 3608 Est
849 3557 944 3610 eutem
965 3555 1015 3609 hec
1032 3571 1128 3610 eorum
1144 3552 1252 3616 littere,
1274 3567 1328 3621 que
1346 3547 1393 3603 bie
1410 3546 1449 3600 in·

295 3640 340 3694 fra
358 3643 535 3696 annotatus«
608 3644 625 3699 3
644 3642 723 3698 Nsch
742 3642 819 3698 einer
827 3642 982 3714 jedenlalls
1000 3642 1107 3712 irrigen
1128 3640 1241 3711 angebo
1263 3637 1406 3694 Gbisteles
1418 3634 1449 3689 79

295 3731 387 3783 wtren
408 3727 453 3784 die
472 3729 631 3800 »Jorgnnij«
652 3731 724 3786 such
743 3729 782 3784 im
794 3729 899 3786 besitae
918 3728 966 3786 des
981 3731 1081 3786 heuses
1101 3729 1151 3785 des
1165 3727 1301 3798 Keyphas
1315 3739 1446 3796 genesen

295 3815 328 3869 ln
346 3815 399 3870 deu
418 3816 506 3872 besitz
524 3817 572 3872 dea
589 3817 839 3886 (lalverienbergss
858 3818 960 3874 lamen
991 3817 1031 3872 sie
1058 3817 1133 3872 nach
1155 3817 1289 3878 Wanner,
1310 3811 1411 3868 zon.
1431 3807 1448 3874 1,

296 3904 356 3970 185,
373 3903 488 3960 Tucher.
508 3905 616 3975 [teyllb.
634 3907 685 3964 355
712 3907 768 3961 und
794 3906 890 3962 Rieter
910 3907 944 3962 76
964 3905 1003 3961 im
1018 3905 1104 3977 jsbre
1128 3906 1207 3961 1175.
1243 3901 1325 3957 Nacb
1343 3899 1448 3960 Tobler.

295 3990 376 4060 Golg.
395 3991 447 4048 29³
469 3997 544 4048 ware
570 4010 599 4049 es
626 3996 685 4049 ersi
703 3993 770 4048 1179
797 3994 966 4064 gescheben.
1002 3993 1070 4064 vgl.
1100 3992 1249 4049 besonders
1275 3989 1313 4046 ib.
1332 4005 1407 4044 anm.
1424 3985 1447 4038 1.

294 4077 374 4133 Nacb
393 4079 552 4136 demselbsn
571 4084 654 4138 autor
673 4099 697 4137 a.
717 4098 743 4136 a,
761 4101 786 4138 o.
804 4083 856 4138 317
875 4083 991 4152 gehorte
1013 4081 1070 4137 den
1087 4079 1242 4150 Georgiern
1260 4077 1383 4146 solunge
1403 4073 1447 4128 des

217 4165 223 4176 “
296 4167 329 4220 19
343 4167 438 4236 jshrlr.
457 4169 530 4223 auch
549 4169 594 4225 die
612 4169 1002 4242 lrreuzanfllndungslrepelle
1092 4173 1107 4223 4
1127 4167 1206 4224 Naeh
1225 4165 1302 4222 einer
1320 4164 1446 4219 irtbsren

294 4253 459 4324 mitteilung
469 4256 612 4312 Waltbers
624 4257 675 4312 271
687 4258 769 4313 hatte
781 4258 832 4313 das
844 4259 915 4312 haus
928 4257 975 4313 des
988 4257 1087 4313 Annas
1100 4257 1155 4311 den
1167 4253 1310 4324 syneches
1322 4251 1447 4308 Christeu

294 4341 406 4410 gebort,
435 4344 506 4399 nach
525 4343 610 4400 Fabri
628 4346 654 4412 Ι,
673 4345 722 4402 261
743 4347 877 4402 wobnten
895 4345 960 4402 dort
980 4345 1122 4417 »religiosi
1143 4345 1178 4399 de
1196 4341 1345 4406 Armenia,
1371 4335 1445 4393 Gbri·

295 4439 380 4495 stiani
400 4437 559 4502 orientales,
579 4435 704 4492 homines
724 4436 799 4506 nigri
816 4439 846 4491 et
869 4436 1005 4492 maturi«.
