3062 4938
632 331 673 406 15

97 512 249 598 predicavi.
295 514 481 582 Terminato
496 514 602 580 officio
625 537 697 580 eum
713 516 891 601 gratiarum
914 515 1039 583 actione
1054 521 1229 586 remeantes

94 619 125 684 sd
144 621 271 703 propria
292 625 423 705 sumpto
438 621 573 705 prandio
595 622 736 706 cepimus
759 622 875 686 iterum
899 622 984 686 viam
1007 629 1150 689 nostram
1172 647 1227 690 vo·

92 723 172 788 hudo
193 747 254 808 per
276 731 411 792 montes.
457 725 498 790 Et
521 725 555 790 in
578 726 628 791 die
651 725 781 804 Martis,
813 727 852 790 18
876 727 926 790 die
948 725 1154 810 Septembris,
1177 731 1227 793 in·

93 831 234 894 travimns
266 831 430 895 civitatem
456 829 647 910 Lucernam,
679 852 741 914 que
771 831 870 895 distat
892 854 911 896 a
933 830 1058 897 Basilea
1080 835 1164 898 eirea
1189 836 1228 898 12

89 933 219 998 miliaria
242 955 369 1018 magna,
393 935 502 1019 ibique
517 935 692 999 mansimus
707 936 783 1000 duas
799 940 907 1000 noctes
929 957 1002 1001 eum
1017 938 1145 1022 integro
1168 939 1228 1004 die.

163 1037 257 1104 Circa
282 1059 377 1123 quam
402 1039 569 1104 civitatem
592 1043 641 1104 est
663 1038 755 1104 valde
778 1039 985 1119 altusmons,
1008 1042 1097 1106 euius
1113 1065 1227 1108 nomen

87 1164 139 1208 uon
162 1145 283 1210 retinui
300 1143 321 1223 ¹,
343 1149 377 1210 et
398 1143 477 1208 satis
494 1143 622 1208 nivosus
637 1143 797 1208 continue.
842 1143 885 1208 Et
907 1144 940 1208 in
956 1147 1073 1212 vertice
1089 1149 1228 1214 eiusdem

85 1249 195 1314 montis
227 1257 276 1314 est
306 1249 395 1315 lacus
419 1249 703 1332 profundissimus,
738 1249 770 1312 in
794 1271 898 1334 quem,
933 1255 969 1314 ut
992 1251 1097 1316 fertur
1126 1253 1228 1318 afide

84 1355 180 1438 dignis
204 1355 283 1419 viris
306 1354 445 1420 eiusdem
467 1355 609 1422 civitatis
624 1355 830 1435 notabilibus,
855 1377 934 1439 quos
949 1357 1074 1422 solicite
1089 1360 1226 1424 interro·

83 1460 158 1542 gavi,
183 1467 234 1524 est
256 1460 370 1524 missus
393 1459 450 1524 ille
464 1460 564 1526 falsus
588 1466 621 1524 et
642 1460 773 1544 iniquus
795 1460 889 1524 iudex
905 1459 1001 1524 lhesu
1017 1461 1148 1543 Christi,
1172 1487 1227 1530 rex

84 1563 218 1645 Pilatus,
251 1565 307 1649 qui
331 1565 365 1628 in
388 1566 495 1630 eodem
521 1565 591 1630 lacu
614 1588 633 1630 a
655 1566 768 1630 multis
790 1566 882 1630 annis
905 1572 938 1630 et
960 1589 979 1632 a
1000 1568 1078 1632 viris
1100 1571 1227 1634 notabi-

82 1670 158 1736 libus
189 1671 276 1734 visus
307 1675 356 1734 est
379 1676 491 1736 natare
523 1672 556 1736 in
587 1672 638 1736 die
663 1669 845 1736 Parasesve.
891 1669 934 1736 Et
963 1673 1047 1737 idem
1078 1679 1110 1738 et
1135 1697 1227 1740 mons

83 1776 304 1840 custodiuntur
326 1776 500 1859 diligenter
522 1779 555 1840 et
570 1777 721 1842 continue
743 1797 781 1840 ex
796 1777 996 1842 ordinatione
1011 1778 1127 1844 civium
1150 1781 1226 1845 oivi-
1264 1765 1271 1778 ’

83 1881 151 1946 tutis
176 1879 331 1960 Lucerna,
362 1883 495 1966 nequis
524 1883 593 1948 sine
614 1903 724 1947 eorum
755 1881 886 1946 lieentia
916 1884 1064 1948 ascendat
1085 1891 1227 1952 montem

83 1991 133 2050 aut
154 1987 266 2052 mittat
289 1987 411 2072 aliquid
435 1989 468 2052 in
491 1989 613 2064 lacum3
642 2010 716 2052 nam
740 1988 860 2067 dieunt,
885 1988 968 2072 quod
991 1992 1157 2072 expertum
1180 1995 1227 2054 est

83 2113 135 2174 per
157 2093 295 2175 longeva
317 2093 362 2177 [p.
387 2092 423 2178 8]
448 2099 592 2177 tempora
613 2114 712 2178 usque
742 2093 776 2156 in
799 2114 943 2176 presens:
976 2094 1227 2178 quandocunque

81 2197 197 2281 aliquid
221 2198 321 2262 etiam
343 2219 474 2282 parvum
499 2197 643 2262 mittitur
665 2197 698 2260 in
722 2218 857 2280 aquam,
888 2197 997 2262 statim
1020 2198 1124 2262 oritur
1146 2204 1226 2262 tem-

81 2307 182 2384 pestas
204 2307 238 2368 et
260 2303 433 2388 aliquando
448 2301 630 2388 grandines,
652 2303 851 2366 devastantes
867 2301 962 2384 plada
977 2300 1227 2368 Lucernensium

81 2410 111 2471 et
133 2409 320 2487 vicinorum,
344 2414 376 2474 et
398 2409 468 2472 ideo
492 2407 650 2473 custodire
672 2407 845 2491 diligenter
867 2405 989 2472 iaciunt
1007 2406 1028 2472 ².

166 2515 285 2579 Audite
307 2536 407 2578 unum
428 2513 584 2592 mirabile,
609 2513 692 2597 quod
715 2513 782 2576 sine
806 2511 855 2576 dei
871 2513 1002 2595 speciali
1026 2514 1135 2597 gratia
1157 2515 1225 2580 fieri

79 2639 139 2682 non
161 2623 286 2702 potest;
317 2641 392 2684 nam
414 2640 513 2703 prope
537 2618 668 2682 eandem
691 2617 853 2681 civitatem
876 2616 1052 2682 Lucernam
1076 2622 1123 2683 est
1145 2619 1226 2684 alius

79 2745 176 2803 mons,
199 2727 233 2790 in
258 2747 321 2810 quo
343 2730 512 2790 morantur
533 2723 592 2788 viri
616 2723 718 2787 saneti
740 2743 777 2786 ae
799 2722 905 2788 devoti
928 2721 1090 2802 heremite,
1119 2731 1155 2789 ut
1178 2727 1225 2790 lo-

77 2850 148 2894 cum
171 2830 287 2896 habeat
310 2829 391 2894 illud
406 2829 543 2914 apostoli
557 2853 564 2894 :
588 2827 673 2892 »Ubi
688 2827 886 2892 habundavit
902 2827 1072 2892 delictumc
1083 2893 1087 2901 ,
1098 2829 1153 2895 sel.
1171 2829 1224 2896 Pi·

78 2933 146 3014 lati,
172 2935 451 3020 »superhabundet
473 2941 506 3000 et
528 2933 679 3020 graeia‹³
705 2934 861 2998 bonorum
884 2933 1035 2997 virorum.
1082 2932 1167 3000 Nam
1191 2938 1225 3000 in

77 3039 184 3104 eodem
205 3045 316 3105 monte
338 3044 482 3105 moratur
505 3041 633 3125 quidam
656 3041 788 3104 devotus
812 3039 880 3118 vir,·
904 3037 1006 3101 frater
1035 3035 1187 3106 Nicolaus
1202 3041 1225 3122 ⁴,

76 3145 114 3208 de
129 3147 237 3211 eadem
252 3151 339 3212 terre
356 3149 458 3227 natea,
482 3149 513 3211 et
537 3169 555 3210 a
571 3147 746 3226 iuventute,
769 3148 806 3209 ut
821 3145 934 3222 fertur,
950 3143 1060 3220 iustus,
1086 3147 1117 3208 et
1132 3145 1224 3210 modo

77 3250 195 3315 dicitur
216 3259 356 3318 sanetus.
401 3251 463 3316 Hie
493 3252 533 3316 ab
555 3274 638 3316 anno
661 3247 783 3316 Christi
801 3249 891 3314 1467
915 3269 1014 3333 usque
1044 3249 1083 3313 ad
1106 3272 1225 3316 annum

76 3351 195 3420 Christi
214 3356 308 3436 1481,
333 3358 392 3422 hoe
413 3360 462 3422 est
479 3357 520 3420 14
535 3378 643 3434 annos,
667 3355 793 3419 nullum
815 3355 942 3438 penitus
966 3374 1024 3418 nec
1040 3354 1145 3419 eibum
1168 3377 1225 3420 nee

639 3481 658 3516 a

146 3548 159 3602 l
180 3545 235 3602 Der
247 3547 366 3604 Pilatus.
396 3547 523 3602 Obschon
536 3545 625 3602 dieser
637 3563 721 3602 name
735 3545 838 3601 bereits
851 3545 890 3600 im
905 3546 937 3600 14
946 3544 1043 3614 jahrh.
1056 3547 1223 3612 vorkommt,

76 3632 183 3689 meins
218 3651 348 3690 auserem
381 3634 472 3704 pilger
504 3633 574 3689 doeh
607 3634 656 3688 der
688 3633 747 3689 alte
780 3649 863 3687 name
897 3631 1074 3688 Fraekmtnd
1107 3633 1224 3701 (fractus

74 3729 161 3788 mons)
180 3725 282 3792 gessgt
303 3721 417 3778 worden
434 3739 468 3775 nn
491 3719 558 3789 sein,
577 3721 726 3777 danudon
752 3737 855 3776 namen
879 3720 987 3776 Pilatus
1007 3721 1087 3776 htttc
1105 3738 1136 3776 er
1153 3723 1223 3780 doch

76 3803 159 3864 laum
180 3827 337 3881 vergsssen.
442 3809 459 3863 2
477 3808 558 3864 Dicas
576 3827 644 3879 sege
663 3808 730 3864 uber
748 3808 803 3862 den
817 3805 983 3864 Pilatus-see
995 3809 1083 3864 findet
1100 3809 1160 3864 sich
1178 3829 1224 3864 au·

75 3897 131 3948 erat
149 3895 194 3952 bei
207 3897 351 3954 Cottsried
370 3915 425 3954 von
437 3896 554 3954 Viterbo
571 3903 603 3962 (a
622 3899 708 3968 1180).
747 3897 869 3952 Monam.
883 3895 977 3951 Germ.
996 3895 1097 3968 Seript.
1106 3899 1167 3963 1111,
1181 3902 1223 3954 71.

74 3979 90 4030 3
116 3981 197 4038 Rom.
215 3983 249 4046 V.
268 3986 312 4041 20.
435 3988 451 4040 4
477 3983 534 4040 Der
552 3985 694 4042 bekannte
720 3984 820 4040 eremit
837 3983 968 4040 Nicotaus
997 4003 1051 4042 von
1079 3984 1129 4040 der
1147 3985 1222 4040 Plus.

76 4065 166 4126 Usser
183 4072 298 4143 mugnis
317 4073 385 4128 uter
403 4073 500 4130 dassen
519 4073 614 4130 fasten
633 4073 735 4143 gehtrt
753 4089 787 4126 au
805 4072 859 4126 den
879 4071 1016 4141 tltssten3
1045 4072 1115 4128 noch
1134 4073 1223 4128 tltere

75 4155 170 4214 tuden
188 4159 245 4216 sloh
265 4159 310 4216 bei
328 4161 391 4218 Joh.
410 4161 504 4216 Gsilsr
523 4163 615 4232 (1475)
640 4161 697 4215 und
717 4159 817 4216 Albert
836 4160 1014 4214 Bernstetten
1033 4160 1133 4228 (1478).
1169 4161 1222 4226 Ab,

75 4241 128 4300 Des
139 4247 249 4319 ssligsn
262 4247 423 4304 einsiedlers
435 4247 566 4304 Nicolaus
584 4266 639 4306 von
658 4249 708 4304 der
721 4247 789 4303 Plus
806 4247 895 4312 leben,
914 4244 1020 4300 vvirlren
1032 4245 1089 4298 und
1102 4247 1222 4303 sterben.

76 4331 235 4392 ttusiedeln
253 4335 331 4402 1887,
349 4353 369 4392 s.
390 4337 440 4394 185
453 4333 482 4390 ff.
512 4335 576 4407 vgt.
590 4336 700 4400 Mullus,
718 4335 813 4390 Cssoh.
833 4335 860 4388 d.
873 4331 1002 4394 Schweiz.
1024 4331 1060 4386 Vl
1075 4331 1148 4398 buch
1166 4333 1223 4389 und

75 4415 165 4492 ling.
182 4423 236 4478 Der
255 4423 304 4480 sel.
321 4423 426 4478 brudar
443 4422 577 4480 Nicotaus
597 4441 651 4481 von
670 4423 719 4480 der
737 4423 814 4479 Plus.
852 4423 956 4478 Luaern
978 4419 1054 4476 1861.
