3054 4942
662 337 725 406 221

119 513 187 580 lieri
211 514 245 579 in
268 515 374 580 milite
394 517 583 600 precedente
607 538 667 581 me.
714 515 868 581 Dominus
891 519 997 581 autem
1022 537 1072 580 me
1087 513 1268 595 custodivit,

119 622 200 706 quod
233 621 316 686 nihil
347 622 425 686 mali
458 623 537 687 mibi
566 622 720 688 fecerunt.
767 622 810 685 Et
831 621 1143 686 drutasthelmannns
1178 621 1269 684 duxit

118 746 173 789 nos
196 725 234 788 ad
259 726 388 791 domum
410 749 498 792 suam
514 727 535 807 ¹,
560 732 592 792 et
615 727 660 792 ibi
676 727 831 812 hospitati
852 747 960 790 sumus
982 748 1082 811 usque
1105 726 1143 790 ad
1168 747 1268 790 reces-

117 851 196 909 sum,
219 837 252 894 et
279 832 317 894 12
341 831 450 896 dicbus
466 833 613 897 stetimus
637 833 692 912 ibi,
716 837 748 897 et
772 853 833 896 non
851 838 1035 914 poteramus
1058 831 1152 895 citius
1174 851 1267 913 expe·

118 935 188 999 diri.
234 933 317 1000 Item
341 937 403 1001 iste
424 937 740 1002 drutasthelmannus
755 938 939 1002 nominatur
955 935 1171 1002 Tancaverdin
1187 934 1211 1016 ¹,
1236 941 1269 999 et

119 1045 164 1104 est
185 1061 322 1124 magnus
345 1042 491 1106 dominus
514 1063 572 1126 per
595 1042 779 1128 dyabolicos
802 1043 902 1106 saltus
925 1042 1046 1120 factus,
1079 1042 1161 1105 sicut
1185 1040 1269 1104 infra

117 1145 250 1228 patebit.
298 1144 379 1210 Nam
405 1149 442 1212 ds
465 1167 501 1212 eo
523 1152 610 1212 certe
637 1148 776 1212 lamatur
799 1170 818 1212 a
845 1147 910 1211 suis
933 1146 1133 1212 consortibus
1157 1167 1267 1208 manu·

117 1249 219 1315 luckis
242 1255 275 1316 et
296 1253 475 1337 abnegatis,
500 1254 584 1338 qnod
607 1253 747 1320 officium
763 1253 1008 1338 peregrinorum
1031 1251 1166 1315 multum
1183 1251 1269 1314 valet

117 1356 265 1436 soldano,
296 1359 378 1441 qnod
403 1358 472 1442 ipss
495 1359 609 1438 habet,
632 1359 670 1424 de
693 1381 757 1444 quo
781 1381 930 1442 inagnum
955 1358 1148 1441 stipendium
1173 1357 1270 1420 habet

118 1483 136 1524 a
156 1461 298 1529 soldano.
345 1463 387 1527 Et
411 1465 478 1528 sins
499 1463 716 1529 misericordia
740 1463 854 1548 recipit
876 1463 1097 1546 aperegrinis,
1120 1467 1152 1526 et
1168 1483 1269 1546 quan-

118 1571 312 1653 tumcunque
334 1573 450 1652 potest,
472 1570 591 1652 decipit
613 1591 683 1646 eos3
716 1569 800 1633 sicut
822 1574 855 1634 et
877 1568 954 1639 lecit
978 1570 1094 1633 nostris
1120 1567 1265 1647 dominis,

118 1675 149 1736 et
172 1673 262 1738 dedit
285 1674 329 1738 eis
352 1674 455 1738 dulcia
480 1675 585 1755 verba,
608 1676 660 1738 sed
685 1675 718 1738 in
743 1695 865 1738 recessu
883 1673 984 1738 voluit
1005 1697 1025 1738 a
1048 1673 1190 1757 quolibet
1213 1672 1269 1735 ha·

120 1779 191 1842 bers
214 1777 384 1858 ducatum,
418 1780 558 1864 demptis
581 1780 672 1844 nobis
696 1779 818 1844 duobus
842 1780 1013 1859 fratribus,
1046 1778 1270 1861 superomnia

118 1887 258 1968 erogato
305 1882 347 1947 Et
369 1906 388 1948 a
411 1885 554 1970 quolibet
588 1886 685 1949 otiam
718 1887 838 1969 recepit
872 1907 932 1968 pro
955 1884 1155 1968 expeditione
1177 1883 1270 1947 unius

121 1987 221 2066 litere,
245 1990 327 2072 quod
353 1988 435 2054 liber
457 1995 586 2073 possent
609 1991 747 2056 transire
776 2013 833 2074 per
856 1995 965 2074 portas
988 1989 1180 2054 Alexandrie
1203 1988 1270 2052 sinc

119 2093 337 2178 inquisitione,
362 2095 446 2178 quod
469 2095 535 2160 fuit
559 2096 740 2175 mentitum,
764 2095 839 2180 quia
862 2095 964 2174 scivit,
988 2094 1071 2178 quod
1088 2093 1183 2157 litera
1206 2113 1268 2155 non

120 2199 231 2274 valuit,
255 2203 288 2263 et
307 2199 352 2264 sic
369 2221 420 2264 eos
436 2201 533 2266 etiam
551 2201 676 2285 decepit
691 2199 713 2265 ⁸.
759 2200 824 2264 Istc
840 2201 1150 2266 drutzsthelmannus
1167 2197 1270 2282 primo

122 2303 184 2368 init
207 2303 354 2370 Hebreus
377 2308 543 2388 pessimus,
567 2313 603 2370 ut
626 2308 737 2371 dicunt
755 2305 860 2384 Judei,
883 2310 994 2389 postea
1017 2303 1184 2388 usurpavit
1208 2303 1270 2366 sibi
1323 2285 1330 2299 ⁵

119 2409 326 2474 christianam
342 2411 449 2493 fidem,
469 2413 551 2477 sicut
567 2412 720 2494 pessimus
736 2411 917 2496 Torquatus
931 2409 954 2474 ⁴.
1001 2410 1043 2474 Et
1059 2409 1160 2474 factus
1176 2407 1269 2473 Obri-

118 2516 241 2579 stianus
264 2517 385 2601 recepit
408 2539 535 2582 uxorem
562 2519 728 2582 honestum
758 2524 790 2581 et
813 2517 953 2581 divitem.
1000 2513 1139 2578 Tandem
1163 2513 1271 2578 omnia

119 2640 174 2683 sua
197 2621 340 2685 vendidit
363 2627 395 2686 et
418 2645 490 2687 cum
512 2645 610 2687 uxore
638 2623 866 2686 Alexandriam
889 2623 994 2699 venit,
1018 2627 1050 2684 et
1073 2641 1201 2684 uxorem
1226 2620 1269 2682 si-

122 2726 299 2790 mulatoriis
313 2727 419 2792 vorbis
441 2729 576 2809 seduxit,
603 2732 635 2794 ct
654 2727 825 2811 abnegavit
848 2733 944 2811 atque
967 2747 1096 2790 uxorem
1114 2727 1270 2808 abnegare

687 2887 706 2924 *st

190 3023 202 3076 l
223 3020 276 3076 Die
294 3021 439 3092 wobnung
458 3021 505 3078 des
525 3023 682 3093 dragoman
703 3040 776 3077 mnes
796 3022 868 3078 noch
887 3021 950 3077 dem
969 3021 1125 3091 allerdings
1143 3019 1207 3075 sehr
1225 3037 1271 3073 ru·

116 3107 294 3164 dimonttren
314 3110 399 3180 plano
419 3110 571 3177 Walthcrs,
591 3111 641 3166 der
660 3114 748 3168 untsn
767 3110 849 3180 lolgt,
870 3110 901 3164 in
919 3111 969 3165 der
987 3110 1059 3164 ntthe
1079 3108 1128 3164 der
1144 3108 1270 3179 jotzigen

117 3195 276 3252 bibliothsk
304 3199 420 3268 gesucht
443 3199 563 3256 werdon.
601 3200 664 3268 Vgl.
691 3197 772 3254 Bucd.
801 3199 868 3270 plan
895 3215 946 3254 von
973 3197 1064 3253 llairo.
1102 3197 1152 3251 Dic
1180 3197 1271 3266 pilgor

117 3284 234 3339 worden
253 3288 347 3340 auerst
364 3286 394 3340 in
413 3285 502 3342 duem
523 3286 630 3356 grossen
649 3288 782 3356 gemcchc
801 3286 1036 3356 untergebracht,
1065 3283 1122 3338 und
1147 3287 1204 3339 erst
1223 3301 1268 3338 ans

117 3371 271 3442 folgenden
290 3375 359 3443 tago
373 3373 456 3444 J'eder
475 3375 655 3444 gesellschslt
673 3379 715 3429 ein
734 3375 845 3444 eigenss
865 3375 980 3428 zimmcr
997 3371 1180 3442 aogeuisseo.
1216 3368 1270 3426 Elin

118 3459 268 3516 deutschen
281 3461 472 3530 goldschmisd
491 3479 542 3517 aus
556 3461 683 3517 Mecholn
695 3463 792 3518 wollte
803 3463 888 3517 ihnon
906 3462 967 3516 eine
980 3460 1084 3514 andere
1104 3459 1271 3514 unterlrunlt

120 3547 264 3618 hasungen,
285 3549 352 3604 abor
369 3547 415 3605 die
433 3549 525 3620 pilgsr
542 3553 656 3620 wagten
676 3567 727 3604 aurs
745 3551 839 3605 luroht
859 3550 989 3606 sordem
1008 3548 1164 3620 dragomau
1185 3548 1270 3610 nicht,

118 3635 206 3692 disses
227 3636 390 3692 anerbieten
409 3638 612 3692 anaunebmon.
650 3637 733 3692 Ghist
753 3641 802 3692 153
820 3639 933 3692 wohnto
952 3637 1004 3691 mit
1022 3637 1116 3692 seioen
1136 3651 1270 3706 genossen

119 3721 162 3778 bei
181 3723 288 3778 diesem
304 3723 518 3792 goldsohrniede,
540 3725 622 3780 llarff
633 3727 666 3781 85
685 3726 814 3796 dagogen
833 3725 906 3782 belm
919 3726 1076 3796 dragoman
1097 3723 1143 3778 »in
1158 3724 1270 3779 lochern

119 3810 169 3865 wis
187 3827 248 3864 suu
266 3811 358 3866 stell«.
430 3811 447 3866 2
466 3811 551 3867 Fabri
570 3817 659 3868 nsunt
679 3813 729 3867 ibn
747 3813 911 3868 wiederbolt
930 3811 1154 3883 Tanquardinns,
1177 3811 1269 3863 llietcr

120 3899 167 3952 111
187 3897 430 3968 Thangrevsrdin,
449 3899 539 3956 Ghist.
564 3903 613 3958 153
632 3902 735 3957 Antale
748 3901 902 3972 Gsvcrdijn
920 3901 977 3956 und
990 3901 1083 3970 Georg
1097 3901 1149 3956 462
1162 3900 1181 3954 1.
1199 3897 1271 3952 'lon-

120 3985 302 4054 gobardicus
338 3986 416 4043 Naclr
437 3988 519 4044 nour.
540 3989 778 4046 bleisenslteiseb.
797 3989 846 4045 der
865 3990 973 4044 familie
991 3987 1086 4043 Ristor
1100 3986 1150 4041 114
1163 3987 1266 4039 anml

121 4073 196 4128 kann
213 4073 274 4129 diss
286 4081 357 4130 wort
374 4093 427 4130 nur
442 4077 731 4147 ›obergelcitsmann‹
745 4078 884 4133 bedenten
897 4078 953 4132 und
972 4078 1011 4131 ist
1025 4075 1084 4130 also
1096 4073 1161 4128 kcin
1175 4071 1269 4140 sigon·

121 4177 210 4218 noma.
251 4161 314 4231 vgr.
333 4161 416 4217 Rohr.
437 4163 468 4220 D.
482 4163 551 4234 pilg.
571 4167 602 4220 61
623 4183 698 4220 uum.
721 4167 776 4222 182.
882 4168 899 4222 3
919 4165 1002 4221 Fabri
1022 4163 1070 4228 lll,
1092 4163 1122 4216 17
1141 4161 1270 4216 erwtbnt

121 4245 214 4303 diesen
244 4249 319 4304 brief
343 4250 413 4304 such
441 4252 496 4306 und
523 4251 628 4322 spricbt
655 4253 713 4308 sich
737 4271 830 4323 genau
848 4255 900 4309 wie
921 4270 1003 4307 unser
1022 4251 1267 4307 berichterstatter

121 4335 188 4392 dbcr
205 4336 253 4392 dio
271 4337 390 4406 hsbssior
416 4338 472 4394 ond
490 4339 639 4396 lslschbeit
666 4339 714 4396 des
732 4342 903 4412 dragomans
934 4357 992 4396 sus.
1098 4344 1113 4396 l
1140 4340 1267 4396 Wslcher

121 4427 279 4500 Torqustus
299 4427 360 4484 hier
378 4429 501 4498 gemunt
518 4429 564 4496 ist,
583 4429 661 4486 Ιιαιιιι
679 4430 725 4486 iob
743 4431 826 4488 nicht
845 4431 981 4504 sugcben.
