3054 4942
643 372 706 440 241

98 548 233 634 siugulis
255 547 461 612 societatibus
485 546 703 610 mansionibus
734 551 766 611 et
789 547 921 612 cameris
944 550 976 610 et
999 552 1127 632 recepta
1151 548 1250 614 refec-

98 656 183 720 tione
208 654 252 718 ivi
275 674 348 718 cum
370 651 454 716 socio
477 651 516 715 ad
539 650 695 716 sonticum
713 650 920 732 Venetorum,
944 657 977 716 et
999 653 1114 717 accessi
1137 675 1250 719 consu-

98 760 159 824 lem
182 759 204 824 i.
229 781 255 823 e.
279 756 438 822 domiuum
456 757 599 821 omnium
615 762 828 823 mercatorum
852 759 890 823 de
916 756 1059 822 Venetiis
1082 761 1255 844 rogavique

101 863 285 942 humiliter,
315 866 351 926 ut
373 883 431 926 sua
453 861 696 948 magnificentia
718 883 776 926 nos
799 884 953 946 pauperes
976 864 1014 927 de
1037 869 1125 928 terra
1146 871 1256 930 sancta

98 969 213 1033 fratres
227 966 476 1032 misericorditer
492 967 675 1050 provideret
697 972 764 1032 tam
781 968 862 1032 inibi
886 990 957 1033 cum
974 969 1134 1034 alimoniis
1158 992 1254 1054 quam

99 1076 129 1138 iu
152 1095 241 1138 mare
256 1095 358 1158 usque
381 1073 421 1136 ad
436 1070 595 1136 Venetiae.
642 1071 703 1148 Qui
720 1073 895 1138 clementer
911 1075 1076 1157 respondit
1092 1075 1255 1158 inquiens:

102 1179 231 1244 »Patres
256 1179 334 1242 mei!
361 1175 428 1242 Nos
451 1177 634 1261 obligamur
651 1199 705 1242 vos
720 1178 887 1262 providere
911 1179 944 1242 in
967 1178 1106 1264 siugulis
1129 1179 1254 1263 petitia

99 1288 294 1370 quapropter
316 1305 372 1349 vos
396 1282 578 1348 voluntarie
601 1284 753 1367 recipiam
776 1284 815 1348 ad
838 1284 968 1349 domum
990 1305 1112 1364 meam,
1135 1284 1169 1348 iu
1192 1306 1256 1368 qua

100 1389 258 1454 babebitis
274 1387 426 1452 victualia
451 1409 584 1453 mecum.
631 1387 672 1451 Et
695 1389 732 1452 de
754 1389 848 1472 galea
863 1389 963 1454 etiam
979 1410 1033 1454 vos
1049 1389 1252 1474 providebo«

100 1494 164 1559 llec
189 1493 355 1558 humiliter
386 1498 479 1578 grato
502 1493 609 1558 auimo
631 1495 825 1578 suscepimus
854 1503 886 1559 et
907 1495 1018 1558 statim
1039 1495 1110 1578 ipsa
1131 1493 1183 1558 die
1205 1493 1254 1558 in-

99 1601 254 1664 travimus
278 1619 349 1663 cum
374 1600 492 1663 uostris
516 1600 619 1664 rebus.
668 1599 802 1664 Domum
822 1603 983 1665 morantes
1006 1600 1038 1664 in
1063 1600 1155 1664 domo
1178 1620 1254 1664 con·

98 1707 176 1770 sulis
199 1705 234 1770 in
251 1725 377 1769 camera
400 1705 449 1769 sui
465 1704 623 1789 capellani
646 1711 678 1768 et
696 1708 773 1770 bene
789 1705 959 1770 habuimus
975 1725 1032 1788 per
1047 1703 1097 1768 dei
1114 1705 1250 1789 gratiam

98 1811 129 1874 iu
152 1809 292 1895 singulis
314 1809 517 1874 victualibus.

187 1913 271 1980 Item
295 1914 490 1980 Alexandria
522 1919 569 1980 est
592 1916 670 1980 satis
693 1931 809 2000 magna
831 1916 944 1980 civitas
961 1915 982 1994 ¹,
1006 1913 1129 1978 babens
1148 1934 1255 1978 muros

99 2023 180 2088 altos
204 2025 239 2086 et
261 2021 360 2084 fortes
383 2027 414 2084 et
429 2021 520 2085 valde
542 2019 645 2084 multa
667 2025 700 2086 et
716 2020 914 2105 grossissima
938 2019 1076 2103 presidia
1090 2023 1254 2102 tamquam

100 2134 215 2204 turres,
240 2147 301 2210 que
326 2125 463 2189 reddunt
485 2147 612 2190 murum
636 2131 667 2188 et
684 2125 846 2190 civitatem
863 2123 1122 2208 pulcherrimam,
1146 2128 1255 2207 portas

99 2232 293 2296 fortissimas
315 2235 348 2295 et
363 2230 530 2313 pretiosas,
554 2232 632 2295 bene
654 2231 804 2308 munitas,
828 2230 994 2297 muscheas
1010 2227 1159 2314 pulchras
1182 2249 1253 2292 curu

100 2337 246 2402 turribus
269 2334 443 2399 altissimis.
489 2333 628 2399 interius
650 2356 726 2398 vero
749 2333 860 2398 civitas
890 2339 937 2398 est
961 2334 1122 2398 destructa
1144 2339 1177 2396 et
1199 2333 1253 2396 de·

98 2443 212 2520 solata,
236 2443 269 2504 et
291 2439 433 2525 quotidie
456 2440 541 2504 cadit
563 2441 673 2505 domus
695 2461 792 2524 supra
815 2440 951 2520 domum,
975 2440 1021 2504 ita
1046 2439 1129 2524 quod
1152 2439 1256 2502 media

99 2569 173 2632 pars
196 2545 337 2612 civitatis
361 2551 409 2610 est
431 2545 652 2610 inhabitabilis
685 2567 743 2610 nec
765 2545 930 2628 populosa.
977 2544 1018 2608 Et
1049 2544 1110 2608 uisi
1133 2564 1253 2608 merca-

97 2657 183 2717 tores
207 2653 245 2714 de
267 2651 380 2716 alienis
397 2651 545 2734 partibus
561 2655 666 2714 essent
688 2651 743 2726 ibi,
769 2648 852 2714 siout
876 2649 955 2713 mihi
979 2649 1116 2712 relatum
1141 2652 1199 2727 est,
1219 2647 1254 2710 iu

97 2757 203 2822 tribus
226 2757 277 2820 vel
302 2761 440 2841 quatuor
463 2756 555 2819 anuis
587 2777 651 2820 nou
685 2762 767 2820 esset
802 2755 939 2838 amplius
974 2755 1084 2818 domus
1107 2753 1254 2836 integrm

97 2884 189 2926 nemo
215 2861 331 2925 ibidem
357 2861 483 2924 edificat
506 2861 680 2946 quidquam
692 2859 716 2925 ³.
761 2859 844 2924 ltem
862 2857 1052 2924 Alexandria
1075 2863 1149 2920 suut
1173 2879 1252 2941 qua-

96 2971 169 3032 tuor
186 2967 299 3032 domus
311 2967 521 3030 mercatorum
537 2965 782 3030 christianorum
798 2963 1042 3029 catholicorum:
1054 2961 1169 3026 Veneti
1194 2961 1251 3024 ba-

99 3075 174 3136 bent
198 3072 275 3135 duas
299 3070 419 3150 domus,
443 3069 563 3135 domini
584 3067 761 3135 Jauuenses
785 3091 879 3134 unam
903 3069 1051 3147 domum,
1074 3071 1107 3130 et
1132 3065 1253 3130 domiui

96 3177 134 3240 de
150 3174 330 3240 Catellonia
352 3195 447 3237 unam
471 3174 614 3249 domum;
638 3174 672 3238 iu
696 3174 812 3258 quibus
828 3173 976 3237 omnibus
998 3175 1085 3238 stent
1102 3171 1253 3237 continue

96 3281 217 3366 absque
239 3279 338 3344 servis
360 3281 487 3343 centum
511 3284 543 3343 et
565 3279 800 3364 quinquaginta
823 3280 1023 3357 mercatores,
1047 3277 1102 3362 qui
1127 3297 1254 3358 semper

97 3388 295 3452 laborantia
312 3383 526 3450 mercimoniis
541 3384 646 3462 variis,
671 3385 725 3468 qui
743 3386 914 3467 portantur
930 3405 949 3446 a
964 3381 1096 3446 diversis
1113 3380 1157 3466 [p.
1176 3379 1251 3464 111]

96 3493 207 3558 mnndi
231 3489 393 3575 partibus,
422 3493 488 3554 tarn
518 3489 729 3554 orientalibus
761 3511 857 3574 quam
879 3487 1129 3553 occidentalibus
1141 3484 1165 3550 ³.
1214 3484 1251 3549 ln

96 3596 210 3662 maiori
233 3594 354 3659 sontico
377 3591 569 3657 Venetorum
595 3595 805 3658 communiter
828 3595 979 3657 tenentur
1002 3594 1036 3656 in
1060 3593 1148 3656 ouria
1173 3612 1251 3675 qua-

95 3701 196 3767 tuor⁴
220 3699 403 3776 strutiones,
427 3697 536 3783 ibique
552 3699 693 3781 probavi,
717 3699 801 3782 quod
825 3697 943 3761 strutio
967 3699 1103 3762 comedit
1118 3697 1247 3760 ferrum.

96 3805 179 3872 Nam
205 3807 239 3868 in
264 3803 423 3887 presentia
445 3803 521 3867 socii
545 3803 607 3867 mei
631 3803 700 3867 dedi
724 3824 823 3866 uuum
845 3802 922 3866 satis
945 3823 1090 3886 grossum
1114 3801 1249 3878 clavum,

97 3917 252 3997 quantum
277 3913 324 3972 est
346 3906 484 3991 digitus;
509 3906 576 3988 ipse
591 3907 702 3971 statim
730 3905 902 3990 deglutivit
925 3906 1095 3990 respiciens
1118 3905 1158 3968 ad
1182 3925 1248 3967 ma·

673 4026 689 4059 Ι

166 4103 179 4156 1
201 4100 287 4154 llarff
302 4097 348 4154 78:
374 4097 450 4152 »neit
470 4097 509 4150 vil
529 4095 618 4152 miure
636 4134 643 4150 .
663 4137 669 4151 .
689 4137 696 4152 .
720 4093 777 4148 dan
797 4091 924 4149 coelus«.
961 4094 1068 4149 Tucher
1087 4093 1153 4148 370:
1182 4093 1253 4145 ›fdr-

96 4189 202 4244 derlich
220 4183 394 4242 anderthalb
411 4202 441 4240 so
460 4183 530 4254 groll
550 4185 593 4238 als
614 4183 799 4252 Nurmberg‹.
872 4181 888 4234 2
907 4181 992 4236 Fabri
1009 4181 1062 4246 ΙΙΙ,
1083 4181 1141 4241 149,
1160 4177 1253 4236 Ghist.

98 4279 146 4333 108
164 4275 225 4331 und
245 4272 329 4328 Harii
345 4273 379 4326 78
397 4273 530 4342 sprechen
544 4272 606 4326 ¹sich
626 4271 741 4326 ahnlich
761 4287 820 4326 aus.
925 4269 942 4324 3
972 4268 1080 4322 llbeuso
1099 4264 1184 4320 l'abri
1204 4265 1253 4331 ΙΙΙ,

97 4367 140 4422 161
164 4365 207 4428 u,
238 4363 290 4416 der
318 4359 363 4414 dis
381 4359 483 4414 btuser
501 4357 674 4422 arrslssbrlich
694 4356 860 4413 bescbreibt.
967 4353 1082 4408 lNach
1103 4353 1186 4407 llabri
1205 4351 1252 4418 Ill,

96 4456 144 4510 16³
165 4467 265 4507 vrarsn
284 4465 313 4504 es
332 4447 407 4503 aoht.

158 4553 331 4602 leta-rutum.
1055 4531 1094 4598 16
