3054 4942
652 351 716 420 223

113 554 207 598 unum
231 531 365 597 bestium
382 530 573 610 mirabilem,
598 551 693 614 quem
708 529 817 609 hebet,
840 527 929 594 cuiue
945 547 1058 592 nomen
1083 531 1132 592 est
1150 523 1260 592 Karte-

112 637 207 714 beth;
241 636 300 702 hec
323 635 427 701 bestia
449 639 497 700 eet
519 634 732 712 ferocissime,
762 638 793 698 et
816 632 964 720 graditur
986 632 1069 696 sicut
1091 637 1186 712 catto,
1209 632 1262 696 sed

111 741 239 826 lougius
263 744 296 805 et
317 741 458 825 grossius
480 740 578 805 hebet
600 761 731 823 corpur,
762 738 849 804 color
872 739 940 801 eius
962 736 1054 822 niger
1077 736 1172 800 variis
1195 758 1261 798 mo-

113 847 192 912 culis
216 845 299 910 albis
314 867 470 929 aspersus.
516 843 584 910 lete
606 845 709 910 bestie
724 843 872 928 producit
896 864 933 907 ex
956 863 989 906 ee
1005 864 1098 906 unam
1117 863 1262 924 spumam

113 949 361 1034 eptimimeris,
380 971 440 1034 que
456 949 500 1013 sic
517 949 718 1014 extrahitur:
740 969 813 1012 nom
830 969 901 1012 cum
917 947 1067 1026 hathone,
1084 969 1146 1031 que
1161 945 1264 1029 ligate

112 1061 158 1120 eet
181 1055 216 1120 in
240 1054 334 1134 collo,
357 1059 494 1131 tenetur,
518 1061 550 1119 et
572 1059 683 1138 posteo
698 1055 840 1118 trahitur
862 1074 933 1118 cum
949 1053 1082 1136 pedibus
1104 1052 1260 1136 posterio-

112 1161 211 1240 ribus,
235 1164 268 1223 et
291 1159 416 1224 levetur
437 1160 505 1224 eius
528 1160 640 1238 cende,
665 1164 697 1226 et
718 1157 932 1224 extrahuntur
954 1157 1095 1222 testiculi
1118 1157 1201 1236 eius,
1232 1161 1264 1220 et

112 1265 265 1332 extractis
281 1263 459 1328 inmittitur
475 1261 598 1328 coclear
613 1268 810 1346 argenteum,
835 1267 866 1326 et
885 1262 930 1326 sic
946 1261 1127 1327 extrahitur
1142 1282 1264 1344 spuma,

114 1394 175 1457 quo
199 1375 249 1436 eet
270 1370 350 1434 mire
364 1369 562 1434 medicinalis
585 1374 618 1434 et
639 1368 754 1452 optimi
776 1368 891 1434 odoris.
938 1367 979 1431 Et
1001 1367 1084 1432 sicut
1107 1387 1198 1430 sexus
1215 1365 1262 1430 vi-

114 1478 182 1542 rilie
207 1475 295 1542 illiue
326 1474 425 1540 bestie
458 1477 506 1538 est
528 1473 724 1538 medicinalis
758 1477 791 1537 et
824 1473 901 1538 boni
924 1472 1045 1548 odoris,
1078 1471 1123 1536 eic
1145 1472 1264 1550 dicunt,

114 1582 196 1667 quod
232 1601 325 1645 sexus
347 1579 501 1644 femineus
524 1578 715 1643 mirabiliter
751 1581 799 1642 eet
821 1578 969 1656 nocivus,
1003 1582 1034 1642 et
1066 1576 1146 1641 fetet
1168 1597 1265 1660 supra

115 1687 241 1752 modum
258 1683 276 1749 ¹.
326 1683 367 1748 Et
389 1683 472 1748 idem
495 1683 586 1763 dixit,
610 1683 692 1768 quod
716 1704 779 1748 non
800 1683 890 1748 deret
912 1703 972 1766 pro
988 1686 1114 1746 eentum
1132 1681 1263 1745 ducatis.

115 1791 238 1856 Deinde
254 1790 347 1856 duxit
369 1809 426 1854 noe
450 1789 490 1853 ed
506 1809 663 1854 cameram
685 1789 764 1853 eatis
780 1789 963 1871 pretiosam,
986 1787 1040 1850 ubi
1057 1792 1165 1851 manet
1188 1806 1266 1850 uxor

116 1897 182 1963 eins
205 1895 423 1974 excellentior,
447 1915 542 1978 quom
564 1893 709 1973 vidimus,
734 1898 767 1960 et
790 1893 896 1978 plures
919 1893 998 1956 alins
1022 1892 1170 1956 mulieres
1194 1913 1265 1957 cum

117 1999 188 2067 αι’.
236 1999 370 2064 Demnm
394 1999 488 2064 duxit
511 2019 568 2063 noe
591 1999 629 2062 ud
653 1998 768 2077 locum,
791 1999 847 2062 ubi
863 1997 1001 2062 habebat
1016 1997 1157 2080 pretiose
1178 2018 1267 2060 arma
1291 2006 1294 2012 ’

117 2129 172 2172 ene
197 2109 229 2171 et
253 2105 348 2170 selles
365 2125 518 2190 equorum
541 2125 605 2182 sex,
628 2101 730 2167 fectae
752 2103 790 2168 de
813 2123 891 2168 euro
914 2106 946 2166 et
962 2107 1096 2186 argento
1119 2121 1189 2166 cum
1213 2122 1265 2164 co·

661 2227 664 2232 ’
684 2246 701 2278 ιι

117 2333 193 2404 grube
211 2333 250 2387 iet
267 2331 422 2401 unrichtig‚
441 2333 515 2386 donn
533 2331 618 2388 Fabri
636 2333 701 2402 segt
714 2331 761 2396 lli,
774 2331 809 2386 23
828 2329 1031 2395 cnedrhcklioh‚
1051 2329 1116 2384 duee
1135 2327 1184 2382 der
1202 2326 1267 2381 dre.-

117 2437 221 2490 gomen
237 2419 314 2474 allen
328 2419 440 2488 pilgern
458 2419 504 2474 die
522 2418 561 2474 im
573 2419 725 2489 folgenden
738 2417 953 2474 beechriebenen
965 2417 1050 2487 dinge
1063 2415 1174 2486 gezeigt
1186 2415 1266 2470 hebo.

120 2507 197 2562 luch
217 2507 408 2562 Breidenbnch
428 2509 478 2564 106
497 2508 548 2562 eeh
566 2507 612 2563 die
629 2505 853 2576 weffenrdstung
876 2505 934 2560 und
951 2504 1112 2560 kleinodien
1137 2502 1186 2558 dee
1204 2502 1267 2557 dro-

118 2611 237 2665 gomene
260 2595 343 2651 rowie
369 2595 420 2650 due
438 2595 621 2650 wunderbere
648 2594 712 2650 tier.
749 2593 805 2649 Der
822 2593 980 2662 drogomcn
1005 2590 1112 2646 echeint
1139 2589 1195 2645 den
1213 2607 1268 2646 von

120 2682 250 2738 Walther
268 2685 432 2752 genennten
449 2681 562 2754 pilgern
580 2685 673 2738 rueret
691 2681 778 2736 alluin
802 2681 877 2736 eeine
896 2677 1201 2747 echenewllrdiglreiten
1221 2693 1268 2745 ge·

118 2771 192 2840 reigt
220 2769 278 2826 und
295 2769 382 2825 ihnen
400 2771 569 2842 rorgelogen
598 2789 632 2824 zu
656 2770 767 2834 haben,
795 2769 841 2824 die
866 2767 989 2823 anderen
1013 2765 1105 2836 pilger
1131 2764 1268 2822 bekdmen

119 2855 259 2913 dieeelben
286 2857 366 2912 nicht
392 2875 426 2912 zu
444 2857 582 2930 gesichte,
606 2857 727 2913 obechon
746 2873 775 2912 er
795 2856 834 2912 eie
852 2855 938 2910 ihnen
956 2855 1026 2910 noch
1046 2869 1092 2906 em
1111 2852 1269 2908 ntmlichen

117 2945 184 3015 tege
202 2945 302 3017 reigte.

190 3033 308 3089 ll'ebri
327 3034 384 3098 ΙΙΙ,
404 3035 439 3089 23
457 3035 475 3091 f.
501 3036 590 3090 neunt
615 3033 666 3088 dne
693 3032 748 3088 tier
767 3033 886 3090 Secreto.
922 3030 1015 3100 Georg
1033 3029 1084 3084 512
1102 3029 1122 3083 f.
1146 3027 1197 3082 suh
1225 3027 1269 3082 bei

118 3123 209 3178 ciuem
228 3122 424 3180 itnlieniechen
443 3121 646 3178 unterhendler
663 3121 694 3175 in
713 3120 798 3176 Kairo
816 3120 861 3175 ein
880 3119 1025 3174 dhnliches
1044 3117 1106 3181 tier,
1125 3115 1270 3170 dereiner

118 3209 201 3264 hetce
219 3210 284 3266 sehr
302 3207 417 3264 uhnlich
437 3225 495 3264 war
513 3208 572 3262 und
590 3209 699 3262 Murcus
717 3205 791 3272 hiess,
810 3224 864 3263 von
884 3205 947 3260 dem
965 3205 1014 3260 der
1032 3203 1126 3260 nibeth
1144 3203 1211 3260 oder
1229 3202 1269 3256 hi·

118 3314 178 3352 eom
204 3313 360 3367 gewonnen
389 3297 488 3354 werde.
524 3295 605 3351 Neoh
628 3295 819 3350 Breidenbech
847 3311 966 3364 geuene
994 3311 1060 3348 man
1086 3309 1140 3349 von
1167 3292 1269 3347 diesem

118 3385 189 3440 tiere
210 3384 273 3440 eine
291 3384 422 3450 materie,
441 3384 486 3439 die
504 3383 556 3438 wie
580 3383 670 3438 bisam
689 3384 770 3447 roch,
799 3381 872 3437 nech
892 3380 975 3436 Fobri
994 3380 1055 3436 eine
1073 3379 1270 3436 moechuetthn·

119 3472 204 3536 liehe,
235 3471 281 3527 die
300 3473 366 3528 aher
384 3473 543 3528 wertroller
560 3489 619 3527 war
638 3473 680 3526 ule
699 3472 834 3527 moechus.
872 3470 927 3524 Due
954 3469 1009 3524 tier
1026 3468 1104 3523 kann
1123 3467 1202 3523 nicht
1221 3468 1271 3522 dus

119 3560 289 3631 cigentliche
308 3559 491 3616 morchnetier
509 3562 649 3631 (Moechus
667 3559 859 3629 morchiierue)
879 3557 950 3620 rein,
979 3557 1017 3611 de
1043 3555 1130 3612 dieses
1148 3573 1203 3612 von
1222 3555 1271 3610 der

121 3647 210 3718 grosse
228 3648 303 3704 einee
321 3648 400 3704 rehee
418 3649 456 3704 irt
474 3649 531 3704 und
544 3647 757 3720 heuptstchlich
777 3649 805 3702 in
827 3647 911 3702 Anien
924 3645 1091 3708 vorlommt,
1109 3644 1161 3698 wir
1179 3642 1270 3698 haben

119 3735 180 3792 hier
190 3737 328 3793 vielmehr
348 3736 394 3792 die
412 3737 597 3800 ribethlretze.
619 3737 736 3792 Viverre
755 3736 868 3792 ribetho
886 3733 948 3803 (due
967 3735 1073 3788 caueto
1085 3731 1201 3798 Fabrici,
1221 3747 1270 3784 vor

120 3845 186 3894 une,
213 3845 268 3884 ron
286 3826 405 3882 welcher
423 3825 524 3883 eowohl
554 3825 605 3880 dee
624 3825 781 3880 mtnnohen
801 3824 843 3879 cle
862 3823 1005 3878 weibchen
1024 3822 1076 3876 den
1097 3819 1189 3874 zibeth
1208 3835 1271 3872 eue-

120 3915 252 3972 ocheidet.
291 3913 376 3970 Fabri
394 3913 442 3979 ΙΙΙ,
461 3915 503 3978 24,
522 3913 585 3968 dem
605 3914 649 3968 ein
668 3911 827 3968 weiblichee
855 3910 909 3966 tier
927 3909 1038 3980 geeeigt
1056 3906 1164 3968 werde,
1193 3907 1270 3972 eegt:

122 4003 378 4073 »interrogavimus
398 4003 489 4057 virum
508 4002 542 4058 de
561 4001 686 4057 moeonlo
704 4000 781 4054 illiue
800 3998 914 4070 speciei,
939 3997 1081 4053 unctium
1103 3995 1175 4050 erret
1193 3991 1272 4044 ferax

122 4092 188 4148 tolie
205 4090 352 4152 materiae,
370 4091 418 4160 qni
437 4090 522 4154 dixit,
548 4089 623 4160 quod
649 4103 698 4158 per
716 4087 875 4158 oppositum
895 4087 932 4140 ob
950 4102 982 4141 eo
1000 4081 1194 4140 extraheretur
1211 4095 1271 4130 me.-

123 4180 194 4234 terie
212 4177 367 4236 consimilis
384 4178 432 4233 ned
450 4178 527 4232 tenti
545 4177 660 4234 foetoris
679 4174 890 4242 abominabilis,
916 4190 949 4229 ao
967 4171 990 4226 ei
1008 4172 1079 4226 erret
1098 4183 1191 4223 reeens
1209 4167 1271 4219 ewi-

125 4268 251 4322 bnlum«.
288 4264 356 4321 Alco
383 4262 716 4334 dorgeradegogenteil
735 4261 887 4326 condem,
915 4278 972 4316 wer
997 4273 1123 4313 unrerem
1143 4251 1272 4307 Walther

122 4359 225 4426 Μ
242 4353 302 4410 und
320 4353 430 4422 genoigt
448 4353 552 4408 werde.
659 4353 676 4406 2
704 4349 788 4406 Fabri
806 4349 856 4416 111,
876 4351 909 4404 24
930 4347 1058 4404 erwithnt
1075 4342 1142 4398 zuei
1161 4341 1272 4408 irenen,

123 4444 224 4500 eboreo
244 4441 435 4498 Breidenbueh
455 4440 512 4498 106.
