3062 4938
655 333 697 398 59

99 507 129 568 et
143 503 226 568 reris
242 505 381 570 inimicis
397 509 598 588 sacramenti,
622 508 705 594 quod
727 509 872 574 derident
894 513 926 574 et
941 509 1147 586 subsannant,
1171 530 1245 592 pro-

98 609 202 691 prium
234 609 337 676 locum
373 613 407 674 in
439 613 639 696 processione
655 612 674 677 ¹.
720 613 790 678 Hoc
820 613 914 678 multi
938 611 1113 678 Christiani
1141 617 1246 678 atten-

98 714 144 797 [p.
168 714 356 799 40]dentes,
380 721 413 781 et
436 739 488 782 eos
510 719 617 783 sedere
649 726 681 782 et
704 718 826 782 nnllam
857 719 1068 784 reverentiam
1099 718 1247 783 exhibere

96 819 148 883 sed
166 821 269 902 magis
283 821 426 888 deridere
441 829 538 908 atque
555 823 773 907 blasphemare
792 860 828 870 —-
847 824 911 889 und
929 823 1038 888 holten
1055 823 1105 888 die
1124 824 1246 888 kristen

96 923 151 988 fur
168 923 342 1008 fantasma,
358 928 413 994 das
430 928 530 993 haben
547 929 597 993 die
611 927 791 1012 Venediger
805 927 873 992 suff
886 928 936 994 die
953 929 1017 992 neit
1032 926 1189 1010 verhengt
1207 965 1246 974 -

96 1030 181 1114 qnod
199 1032 347 1096 omnibus
363 1031 555 1098 Christianis
571 1033 740 1099 dolendum
756 1038 805 1098 est
819 1055 858 1097 ex
874 1033 976 1099 corde.
1015 1030 1133 1096 Audivi
1150 1031 1247 1096 etiam

94 1135 195 1220 digno
218 1137 296 1215 viro,
322 1139 405 1222 quod
430 1138 544 1204 Veneti
567 1145 600 1204 at
624 1139 772 1204 Durclrus
795 1139 939 1204 fecerunt
963 1159 1059 1201 unum
1082 1159 1246 1202 commune

95 1240 272 1304 bannorum
297 1243 363 1308 sive
378 1245 539 1324 vexillum,
563 1249 596 1310 et
619 1246 651 1308 in
673 1267 735 1309 nna
751 1248 842 1329 parte
861 1247 944 1309 esset
959 1243 1103 1327 depictus
1120 1244 1247 1306 sanctus

96 1343 225 1410 Marcus
248 1349 455 1434 evangelista,
480 1373 573 1435 quem
598 1349 714 1415 Veneti
737 1350 884 1414 fecerunt
905 1349 937 1412 in
962 1349 1026 1412 suis
1050 1347 1192 1426 vexillis,
1215 1351 1248 1410 et

96 1451 130 1513 in
154 1450 259 1516 altera
283 1458 373 1536 parte
398 1460 479 1520 esset
495 1455 621 1539 depicta
645 1455 719 1519 lnns
742 1459 775 1518 ct
799 1453 996 1534 anestelle,
1025 1459 1058 1519 et
1080 1453 1137 1518 hec
1161 1451 1248 1517 ducit

96 1553 221 1620 Turnus
244 1557 276 1621 in
293 1579 349 1624 suo
366 1559 529 1625 bannerio.
574 1559 622 1624 Ex
640 1561 757 1645 quibus
773 1561 999 1638 consideratur,
1020 1560 1104 1644 quod
1120 1561 1247 1622 sanctus

97 1659 225 1726 hiarcus
248 1669 280 1727 et
305 1663 519 1742 Mnhometus,
542 1663 688 1728 Thnrcus
710 1669 743 1728 et
764 1686 867 1748 papa,
896 1662 1013 1728 Veneti
1042 1667 1075 1727 et
1105 1661 1247 1725 infideles

97 1766 163 1830 sint
178 1767 345 1832 unanimes
368 1773 401 1833 et
416 1769 609 1834 confederati
625 1766 649 1833 ⁹.
698 1768 737 1832 tlt
753 1769 918 1832 dicebatur
936 1768 1032 1832 etiam
1050 1767 1112 1830 hiis
1127 1765 1247 1844 diebus,

98 1873 181 1956 qnod
205 1871 321 1938 divisio
344 1880 426 1940 esset
457 1881 489 1942 et
519 1876 676 1941 discordia
705 1877 738 1939 in
761 1876 839 1939 urbe
863 1897 993 1939 romana
1024 1874 1108 1938 inter
1130 1893 1246 1956 papam

98 1983 130 2040 et
153 1975 238 2041 cives
262 1999 410 2044 romanos
434 1985 466 2046 et
482 1981 656 2046 cardinales
673 1980 697 2058 ⁸,
721 1985 891 2064 propterea
914 1980 997 2064 quod
1020 2001 1103 2063 papa
1124 1978 1248 2042 iuvaret

99 2081 247 2162 Venetos,
263 2087 305 2150 ,et
321 2084 382 2168 ipsi
399 2084 554 2150 haberent
570 2085 712 2150 infideles
727 2091 839 2150 contra
856 2083 1065 2149 Christianos.
1115 2081 1247 2146 hamen-

98 2187 197 2252 tnbile
221 2185 281 2252 hoc
303 2209 399 2272 snper
421 2188 630 2255 lamentabile
651 2190 798 2254 omnibus
820 2191 905 2255 veris
928 2188 1094 2255 catholicis
1111 2186 1247 2252 Christi·

96 2294 173 2360 anis.
223 2291 377 2359 Dominus
400 2315 439 2358 ex
461 2316 517 2360 sua
541 2294 739 2377 benignitate
761 2295 815 2360 det
837 2295 976 2378 gratiam
1007 2299 1040 2358 et
1062 2315 1171 2377 pacem
1193 2313 1248 2356 suc

97 2397 228 2462 ecclesie
252 2402 285 2462 et
308 2398 428 2482 populo
450 2398 635 2464 christiano.

183 2501 352 2568 Protracto
375 2504 506 2587 negotio
538 2525 612 2568 cnm
644 2504 715 2569 fure
744 2506 1006 2590 suspendendos
1042 2505 1122 2569 festo
1145 2504 1247 2569 sancti

97 2607 218 2674 Thome
241 2608 274 2671 in
300 2609 448 2674 Adventu
472 2607 532 2694 [22
556 2609 645 2693 Dec]
670 2633 769 2695 nsque
800 2613 838 2676 sd
863 2612 928 2675 dies
951 2611 1185 2696 Rogationem,
1215 2613 1247 2673 st

96 2717 158 2780 iam
181 2715 350 2798 sperabam
383 2715 447 2779 cito
470 2715 591 2780 intrare
614 2716 754 2800 galeam,
786 2717 916 2781 suborta
949 2725 996 2780 est
1026 2717 1142 2780 iterum
1166 2736 1247 2780 nora

95 2821 276 2886 tribulatio.
325 2819 410 2884 Nam
432 2820 463 2884 in
489 2819 647 2886 dominica
660 2820 745 2888 Voce
767 2824 973 2889 iucunditatis
997 2822 1050 2904 [12
1075 2821 1152 2900 Mai]
1176 2825 1248 2904 post

95 2927 269 3010 prandium
292 2927 380 2992 venit
401 2925 544 3010 pedellus
566 2927 687 2992 domini
704 2928 884 3011 patriarche
906 2933 939 2992 st
962 2928 1074 2992 citavit
1097 2949 1146 2990 me
1169 2926 1247 2989 inri-

173 3103 181 3153 1
206 3099 290 3155 Diese
308 3099 424 3154 tolieret
443 3099 587 3155 ieierliche
611 3048 855 3170 unimunkvolle
873 3100 1028 3170 processioa
1049 3100 1086 3154 ist
1104 3099 1167 3155 sehr
1186 3117 1247 3154 aus·
1308 3103 1311 3118 '

95 3187 221 3243 merrich
241 3205 296 3244 von
316 3185 487 3251 Senserino.
512 3189 591 3244 Dslle
609 3206 670 3246 cose
689 3188 809 3244 notabili
828 3188 879 3244 che
897 3205 963 3245 sono
981 3189 1012 3243 in
1030 3188 1158 3244 Venetia.
1196 3189 1248 3243 Ve-

94 3277 173 3333 netia
194 3277 272 3332 1561.
289 3275 323 3331 30
338 3275 365 3330 ff.
385 3276 577 3344 beschriebcn;
599 3279 676 3334 mehr
695 3278 761 3334 oder
779 3276 889 3333 minder
902 3277 1075 3333 auafdhriieh
1090 3295 1144 3332 von
1158 3275 1247 3332 vielen

93 3365 218 3435 pilgern‚
239 3363 343 3420 welche
361 3381 399 3419 an
417 3363 562 3420 derseiben
590 3365 620 3421 in
646 3365 698 3421 der
722 3365 798 3436 regei
820 3363 992 3420 teilnahmen
1020 3364 1078 3418 und
1096 3363 1140 3418 bei
1158 3364 1248 3420 dieser

94 3453 280 3524 gelegenheit
304 3453 374 3510 hoch
402 3453 503 3524 geehrt
528 3455 651 3510 worden.
688 3453 772 3509 Robr.
794 3452 890 3508 Melan.
910 3452 941 3506 D.
960 3451 1029 3522 piig.
1052 3453 1101 3506 174
1119 3453 1138 3506 f.
1159 3451 1210 3506 358
1229 3453 1248 3506 f.

94 3541 179 3596 Harii
195 3544 230 3595 44
250 3559 276 3598 n.
295 3559 321 3598 a.
341 3540 427 3596 Fabri
445 3541 466 3607 l,
489 3545 538 3597 105
557 3540 595 3598 ist
614 3542 747 3614 dbrigens
766 3560 821 3599 von
840 3542 904 3597 dem
926 3541 1018 3612 prunis
1037 3540 1115 3596 nicht
1134 3541 1247 3596 orbant:

96 3631 192 3686 »inter
209 3629 269 3684 ista
286 3628 384 3684 divina
402 3627 539 3686 solemnia
557 3633 685 3700 quantae
704 3630 744 3685 ibi
763 3629 913 3684 videantur
932 3627 1084 3693 concitatas,
1104 3631 1132 3683 et
1151 3628 1247 3684 mrrlie·

94 3735 156 3772 rum
175 3717 371 3786 intemperata
388 3721 556 3774 ornamenta
574 3722 604 3774 et
622 3719 808 3774 saecularium
828 3733 919 3772 rernm
933 3715 1137 3780 dissolutiones,
1157 3719 1186 3771 et
1205 3734 1246 3771 rs-

96 3804 264 3874 ligiosornrn
284 3822 317 3860 ac
330 3805 493 3863 clericorum
506 3807 696 3878 evagationes,
714 3807 872 3878 perpendat
890 3806 947 3872 ille,
966 3803 1013 3873 qui
1032 3807 1133 3860 tantae
1151 3803 1245 3857 multi-

96 3893 203 3948 tudinis
222 3892 379 3950 condensum
398 3894 565 3952 considerat.
602 3893 631 3949 Si
650 3894 825 3950 sanctissimo
843 3897 873 3948 et
885 3892 1059 3948 divinissimo
1072 3893 1248 3946 sacramento

95 3981 184 4038 honor
204 3983 335 4051 acceptus
353 3983 474 4038 cattam
494 3983 676 4040 saeculariter
695 3983 852 4046 exhibitus,
872 3981 959 4046 Deus,
978 3981 1026 4051 qui
1045 3979 1140 4034 omnic
1159 3977 1247 4037 novit,

96 4069 171 4124 rsit·
246 4072 262 4123 ‘2
283 4055 357 4124 iiber
369 4069 459 4126 dieses
472 4070 579 4126 banner
591 4071 659 4125 land
673 4071 717 4125 ich
732 4072 809 4126 sonat
822 4068 903 4124 keins
916 4069 1056 4138 angeben.
1130 4067 1147 4121 3
1165 4063 1247 4121 Dione

97 4155 172 4212 notis
191 4155 305 4212 becieht
323 4155 381 4211 sich
397 4157 552 4228 jedenialls
575 4159 626 4212 aui
642 4157 687 4212 die
705 4156 819 4227 kampfe
838 4156 891 4210 mit
910 4157 964 4212 den
982 4155 1111 4210 familien
1123 4152 1249 4209 Golonna

97 4243 152 4297 und
172 4243 282 4298 Sarslli
301 4242 359 4298 und
377 4243 467 4298 ibrem
487 4244 617 4313 annam,
646 4243 691 4298 dia
719 4243 772 4300 aui
792 4243 861 4298 seito
880 4243 927 4297 des
946 4243 1046 4312 konigs
1066 4257 1121 4296 von
1139 4239 1247 4311 Neapel

97 4331 227 4388 standan.
264 4331 315 4386 Die
332 4330 476 4386 cardintle
494 4330 619 4388 Golcnna
649 4331 706 4386 und
726 4328 832 4387 Sarelli
861 4331 942 4386 hatte
970 4327 1019 4383 der
1036 4329 1122 4399 papst
1150 4325 1180 4382 in
1198 4328 1248 4384 der

98 4413 277 4490 Engclsbnrg
295 4417 437 4490 galangae
455 4421 549 4478 setscn
568 4419 670 4476 lasssn.
707 4420 859 4493 Gregorov.
883 4419 941 4483 Vll,
961 4417 1012 4474 260
1031 4416 1051 4474 l.
