3054 4942
635 375 695 440 181

92 551 162 630 illis,
189 550 245 636 qui
268 547 440 614 voluerunt
462 546 508 612 ire
531 548 569 613 ed
592 552 733 615 sanctam
753 549 973 632 Katherinam‚
997 553 1052 638 qui
1074 553 1160 620 infra
1182 578 1239 621 au-

91 655 191 720 notati
213 658 300 734 sunt,
324 657 382 720 etc.

178 759 263 824 Item
285 782 370 825 anno
393 765 426 824 et
449 763 600 844 tempore,
624 782 687 845 qno
710 762 786 826 steti
801 761 1026 845 lherosolimis‚
1050 765 1240 832 exercitatus

90 887 157 930 sum
183 885 300 949 corpus
323 869 355 931 et
371 865 519 950 spiritum
546 887 648 930 meum
664 868 802 933 maxime
825 868 860 932 in
884 869 987 934 tribus
1002 869 1175 936 exercitiis:
1199 870 1239 936 nt

90 971 193 1054 primo
215 971 250 1034 in
274 971 435 1052 exercitio,
460 970 543 1056 quod
566 974 636 1035 erat
651 971 849 1038 solummodo
865 973 1037 1058 corporale.
1084 972 1166 1040 Nam
1190 998 1239 1039 me

53 1109 58 1122 ·
91 1081 276 1160 promptum
306 1075 428 1140 reddidi
464 1075 503 1140 ad
536 1075 679 1160 singulas
702 1077 898 1143 obedientias
920 1078 975 1144 scl.
998 1077 1133 1145 lavando
1155 1079 1239 1145 scul-

89 1181 197 1262 tellas,
224 1181 382 1266 portando
406 1180 513 1264 ligna,
536 1181 710 1247 laborando
732 1187 765 1246 et
788 1183 962 1267 plantando
985 1185 1089 1250 caulas
1112 1186 1145 1250 in
1168 1189 1239 1250 orto

90 1293 119 1350 et
134 1290 242 1352 cetera
258 1286 448 1366 huiusmodi,
473 1308 534 1370 quc
554 1287 660 1371 sepius
675 1294 889 1354 occurrerunt.
935 1289 1077 1356 Secundo
1099 1291 1132 1356 in
1150 1314 1238 1356 exer-

90 1391 175 1469 citio,
200 1392 285 1476 quod
310 1397 379 1456 erat
401 1413 439 1455 ex
463 1395 555 1475 parte
578 1391 744 1474 corporale
769 1399 800 1458 et
823 1415 861 1458 ex
884 1399 975 1478 parte
991 1395 1159 1478 spirituale
1182 1396 1236 1464 scl.

90 1496 270 1581 colligendo
301 1495 466 1560 materiam
501 1517 559 1579 pro
594 1501 733 1561 tractatu
767 1498 804 1562 de
826 1499 923 1564 variis
956 1500 1099 1564 materiis
1121 1500 1177 1566 sol.
1201 1502 1239 1566 de

91 1602 278 1686 genealogia
301 1599 420 1666 Christi
444 1601 485 1666 ab
507 1600 611 1666 Adam
634 1604 795 1686 usquead
819 1601 998 1684 Christum,
1022 1605 1060 1669 de
1082 1608 1151 1670 tota
1174 1606 1239 1671 vita

92 1713 121 1772 et
144 1707 292 1772 doctrina
315 1706 360 1791 [p.
379 1707 434 1790 83]
460 1705 662 1788 Machometi‚
685 1713 717 1772 et
739 1708 777 1772 dc
799 1710 945 1774 omnibus
962 1711 1154 1791 nationibus,
1178 1734 1239 1796 que

91 1816 257 1878 morantur
280 1813 314 1876 in
338 1816 425 1876 terra
447 1817 566 1894 sancta,
590 1818 623 1877 et
645 1814 683 1878 de
700 1815 862 1880 erroribus
884 1819 917 1880 et
939 1815 1033 1880 sectis
1056 1817 1237 1896 eorundem,

90 1919 126 1982 de
148 1916 353 1982 mirabilibus
385 1918 496 1982 mundi
530 1923 562 1982 et
584 1918 745 1984 variorum
768 1919 951 2000 hominum,
985 1942 1046 2005 que
1080 1919 1239 1984 habentur

90 2023 174 2088 foliis
265 2029 299 2087 et
321 2024 535 2108 sequentibus.
582 2023 623 2088 Et
653 2024 735 2089 hanc
758 2026 926 2090 materiam
956 2047 1026 2090 cum
1049 2045 1166 2109 magne
1187 2046 1238 2090 so-

91 2129 254 2194 licitudine
277 2132 309 2192 el
332 2129 437 2193 studio
460 2130 655 2213 comportavi
680 2151 718 2194 ex
741 2131 838 2195 variis
860 2129 979 2195 libris¹
1002 2134 1035 2194 et
1057 2129 1239 2194 hominibus

91 2235 228 2320 expertis
252 2238 285 2298 et
307 2234 368 2298 fide
390 2235 495 2320 dignis
531 2240 564 2299 et
594 2257 632 2299 ex
655 2237 786 2319 propria
809 2237 1005 2319 experientia
1027 2235 1238 2320 quottidiana.

92 2340 130 2406 Et
143 2362 244 2406 manu
260 2340 392 2423 propria
415 2361 486 2404 cum
509 2340 599 2424 gravi
625 2337 733 2405 labo're
755 2341 788 2404 in
806 2340 939 2406 formam
957 2343 1113 2405 tractatus
1130 2338 1237 2424 redegi

91 2449 121 2510 et
141 2445 330 2527 conscripsi·
375 2443 455 2508 Item
478 2445 637 2509 visitando
659 2445 729 2510 loca
743 2449 862 2510 sancta.
908 2443 992 2510 Nam
1011 2444 1098 2509 omni
1121 2444 1181 2524 die,
1205 2445 1238 2508 in

92 2557 244 2636 quantum
269 2549 370 2632 potui,
393 2555 425 2614 ct
448 2549 594 2614 dominus
617 2549 696 2614 mihi
728 2572 766 2615 ex
789 2551 973 2635 gratiosus
995 2548 1143 2629 contulit,
1166 2571 1238 2614 cum

90 2657 250 2742 aliquibus
269 2653 365 2719 Pater
388 2659 504 2735 noem,
528 2653 597 2720 Ave
612 2654 715 2720 Maria
737 2661 769 2720 et
784 2655 920 2720 simbulo
943 2658 1063 2719 etcum
1086 2654 1158 2719 eliis
1180 2677 1237 2718 an-

90 2761 241 2846 tiphonis,
265 2759 429 2824 versiculis
461 2767 493 2825 et
514 2761 656 2826 collectis
689 2762 721 2825 in
752 2761 815 2826 fine
838 2762 943 2826 decem
976 2765 1009 2825 et
1031 2781 1142 2825 novem
1166 2759 1236 2825 loca

88 2874 214 2946 macta,
247 2865 420 2950 aliquando
444 2865 535 2949 plus,
566 2887 627 2950 que
650 2865 781 2928 suntin
805 2868 912 2930 monte
935 2863 1036 2950 Syon¹
1066 2865 1238 2950 inquibus

90 2971 254 3038 nonnullis
277 2971 361 3036 salus
384 2969 561 3036 animarum
592 2973 722 3053 operata
754 2975 802 3034 est
831 2991 889 3054 per
909 2969 1040 3034 Ihesum
1064 2967 1238 3050 Christum,

90 3085 234 3144 nostrum
252 3076 493 3160 redemptorem,
515 3075 549 3139 in
565 3075 728 3140 nonnullis
742 3075 820 3140 locis
843 3097 901 3159 per
916 3096 1005 3140 suam
1021 3075 1236 3140 beatissimam

89 3184 296 3270 genitricem,
318 3180 475 3264 virginem
499 3179 651 3260 Mariam,
684 3185 716 3245 et
743 3182 777 3244 in
801 3179 963 3246 nonnullis
985 3180 1063 3245 locis
1085 3202 1143 3264 per
1164 3201 1238 3246 suos

87 3296 212 3356 ancos
235 3287 405 3370 apostolos,
428 3285 591 3350 videlicet:
614 3285 717 3350 locum
740 3307 880 3365 sacrum,
911 3285 965 3350 ubi
991 3283 1136 3350 Christus
1166 3307 1237 3351 cum

88 3393 252 3479 discipulis
276 3392 418 3468 cenavit;
442 3389 557 3472 locum,
580 3391 635 3456 ubi
659 3391 704 3455 eis
719 3391 813 3475 pedes
835 3391 929 3468 lavit;
956 3391 1070 3472 locum,
1094 3391 1149 3456 ubi
1172 3391 1237 3475 spi·

88 3503 187 3568 ritum
209 3502 356 3564 sanctum
379 3498 411 3561 in
428 3496 599 3580 discipulos
621 3496 656 3560 in
679 3497 729 3561 die
747 3496 971 3562 Penthecostes
992 3495 1096 3574 misit;
1122 3496 1237 3578 locum,

655 3611 674 3649 s

158 3677 171 3730 1
192 3670 394 3742 Compenberg
411 3669 521 3725 schrieb
539 3669 609 3724 auch
629 3671 680 3725 auf
696 3669 759 3726 dem
778 3671 862 3742 berge
875 3669 942 3726 Sion
962 3669 1032 3725 »den
1044 3673 1167 3742 gantzen
1186 3673 1238 3741 teg

87 3763 123 3818 ab
141 3762 187 3818 die
199 3756 309 3815 schrifft
321 3775 376 3813 von
394 3755 456 3812 dem
471 3756 556 3827 berge
566 3755 695 3812 Calcarie
707 3755 756 3812 biss
775 3757 805 3811 in
815 3757 925 3811 Pilatus
938 3755 1039 3812 haud«.
1059 3755 1238 3826 hoyenses.

88 3851 165 3906 buch
178 3847 290 3902 Tnoher
302 3843 471 3914 excerpierte
489 3861 539 3899 aus
551 3843 627 3899 einer
642 3845 814 3908 »chronica«,
832 3843 877 3899 dia
890 3843 947 3898 sich
966 3843 997 3898 in
1015 3843 1064 3900 der
1082 3843 1232 3911 »librerey‹

89 3937 134 3992 der
152 3936 275 3994 klosters
293 3932 406 3988 boland.
442 3929 549 4001 Reyssb.
572 3932 632 3989 306.
670 3932 862 4002 baumgarten
890 3933 1018 3987 erwthnt
1036 3931 1069 3986 99
1090 3929 1238 3986 »Coenobii

88 4025 314 4082 bibliothecam«.
352 4019 417 4090 Vgl.
444 4019 596 4076 auderdcm
614 4019 756 4086 Quaresm.
776 4018 796 4086 Ι,
818 4021 876 4074 144.
914 4019 1045 4088 Conrady
1064 4019 1097 4073 72
1115 4033 1191 4072 anm.
1210 4017 1237 4072 3.

87 4113 103 4168 2
120 4113 163 4168 Da
177 4111 311 4168 Walther
329 4107 374 4164 die
386 4107 504 4164 meisten
521 4108 570 4163 der
589 4107 648 4162 hier
661 4107 862 4178 aulgerthlten
881 4109 920 4163 hl.
933 4111 1042 4164 stetten
1061 4123 1097 4160 an
1111 4103 1236 4160 anderen

87 4201 187 4257 stellari
207 4197 414 4256 ausidhrlicher
433 4197 588 4267 bespricht,
607 4213 637 4252 so
658 4195 767 4251 werden
786 4197 846 4252 hier
864 4215 917 4251 nur
932 4197 998 4268 jane
1017 4192 1174 4249 aulierhalb
1192 4191 1237 4246 Je-

85 4289 223 4344 rusaleme
242 4285 372 4356 liegcnde
392 4286 423 4340 in
441 4285 495 4341 den
513 4285 725 4355 anmerlrungen
744 4286 927 4357 beeprochen‚
947 4287 992 4341 die
1011 4301 1041 4339 er
1060 4283 1139 4338 ronst
1157 4282 1237 4338 nicht

84 4377 224 4433 erwbhnt.
261 4374 313 4430 Die
331 4375 522 4445 beeprechung
540 4374 589 4430 der
616 4373 646 4427 in
664 4373 721 4428 und
740 4375 927 4430 unmittelbar
946 4391 993 4427 um
1012 4369 1169 4426 Jerusalem
1189 4387 1235 4441 ge·

84 4465 205 4537 legenen
224 4463 264 4518 hl.
283 4465 345 4520 orte
364 4461 433 4516 wird
451 4461 489 4516 im
509 4461 641 4534 anhange
659 4461 763 4534 lolgen.
798 4459 863 4532 Vgl.
882 4459 1056 4530 Einleitung.
