3056 4944
647 355 708 422 121

97 532 195 598 littus
211 531 363 598 Jordauis
377 531 398 597 ¹.
446 533 535 598 Tunc
550 531 662 596 statim
686 554 723 596 ex
739 554 857 616 pavore
873 530 1029 596 submersi
1046 530 1253 596 ascenderunt

95 659 208 703 omnes
232 639 349 717 asinos,
372 638 552 724 equitantes
576 658 683 703 versus
706 638 868 702 civitatem
885 635 1024 715 Jericho,
1048 636 1086 700 de
1110 656 1173 719 qua
1196 635 1252 700 ha·

101 745 197 810 betur
213 743 301 808 infra
316 745 348 809 in
366 744 444 810 folio
489 793 498 822 ‚
522 764 616 826 quam
632 743 671 807 ad
686 743 850 807 sinistram
867 765 994 807 manum
1011 741 1198 819 dimisimua,
1222 746 1254 805 et

99 849 129 912 in
156 871 278 934 magno
309 851 378 913 estu
401 846 657 914 continuavimus
680 847 765 911 viam
793 868 892 931 usque
926 847 966 912 ed
1001 847 1112 931 pedem
1134 845 1254 910 montis

97 951 224 1018 Helizei
255 953 420 1037 prophete.
466 951 516 1016 Ibi
540 953 589 1016 est
611 950 681 1016 fons
704 973 836 1016 manans
858 951 1005 1017 habunde
1036 951 1127 1037 aquis
1154 951 1253 1015 dulci-

97 1061 172 1137 199,
211 1059 250 1123 (19
283 1081 346 1144 quo
369 1058 506 1122 habetur
538 1055 623 1121 infra
656 1057 733 1121 folio
809 1107 816 1123 .
866 1057 907 1122 Et
939 1058 1022 1121 circa
1052 1057 1156 1121 rivum
1195 1056 1254 1120 sub

96 1165 271 1229 arboribus
294 1163 327 1227 in
351 1163 465 1228 umbra
488 1163 665 1248 quievimus
688 1167 721 1228 et
738 1163 931 1228 comedimus
954 1185 999 1242 99,
1023 1185 1084 1246 que
1106 1160 1255 1225 19991919

96 1273 251 1352 sporum
275 1274 386 1348 erant,
420 1274 452 1333 et
476 1269 570 1333 nimis
598 1269 661 1332 cito
683 1269 880 1332 surreximus
912 1273 944 1332 et
967 1267 1001 1331 in
1024 1267 1161 1332 maximo
1185 1272 1255 1330 estu

98 1373 203 1438 totius
237 1373 300 1438 diei
334 1374 528 1458 arripuimus
558 1374 640 1438 viam
675 1394 785 1438 versus
813 1372 1018 1439 lherusalem.
1066 1371 1107 1436 Et
1141 1372 1254 1436 cecidit

97 1484 212 1544 tantus
235 1480 342 1545 fervor
364 1481 441 1546 solis
463 1501 559 1564 super
581 1479 687 1563 capita
702 1479 956 1564 peregrinorum,
981 1477 1064 1562 quod
1088 1475 1182 1540 multi
1204 1475 1254 1539 in·

98 1589 257 1668 oeperunt
279 1585 453 1664 infirmari,
489 1607 568 1670 quos
589 1585 767 1649 dimisimus
805 1583 879 1648 hinc
909 1584 981 1648 inde
1012 1585 1046 1646 in
1068 1583 1120 1645 via
1143 1581 1254 1659 iacere,

98 1690 266 1756 9999919119
290 1691 335 1755 919
358 1690 496 1770 Μ999ο9,
520 1691 696 1775 dequibus
722 1689 824 1754 socius
846 1711 945 1769 mens,
969 1687 1070 1753 frater
1092 1685 1254 1752 Johannea

100 1792 208 1872 Wild,
245 1796 341 1860 etiam
364 1796 518 1860 remansit
540 1795 654 1860 debilis
676 1799 764 1865 retro
788 1817 888 1880 usque
921 1795 959 1858 ad
982 1813 1138 1878 vesperas.
1185 1791 1255 1876 Ego

99 1921 231 1985 quoqne
247 1903 398 1984 putabam
423 1925 472 1965 me
494 1902 617 1966 exulare
634 1901 784 1985 spiritum
807 1922 865 1984 pre
889 1899 990 1964 nimia
1006 1897 1182 1976 debilitate,
1205 1901 1254 1961 at·

100 2009 209 2070 tamen
236 2005 344 2070 divina
374 2005 481 2090 gratia
504 2006 672 2071 assistente
705 2005 785 2069 mihi
818 2025 943 2089 semper
965 2003 1148 2068 continuavi
1180 2002 1256 2066 lieet

100 2109 286 2176 difficulter.
334 2109 374 2176 Et
407 2111 491 2176 circa
520 2110 762 2194 completorium
800 2115 931 2194 propter
964 2109 1106 2174 infirmos
1130 2108 1255 2171 fiximus

100 2215 198 2300 pedes
214 2215 300 2280 circa
316 2237 411 2280 unam
427 2217 554 2281 domurn
567 2213 591 2294 ⁹,
615 2215 669 2280 ubi
693 2237 751 2280 neo
767 2215 912 2280 homines
932 2219 1024 2279 erant
1040 2234 1142 2297 nequo
1157 2235 1253 2296 squar

101 2319 360 2405 computavimus
391 2325 498 2385 tamen
522 2320 661 2404 quietem
695 2325 820 2385 nostem
854 2341 911 2402 pro
946 2319 1093 2412 omnibus
1124 2317 1253 2382 deliciis.

103 2424 145 2490 Et
169 2425 214 2488 ihi
239 2425 521 2510 refrigescentibus
543 2425 722 2510 peregrinis
744 2447 837 2491 mane
868 2427 900 2490 in
931 2446 1045 2491 aurora
1075 2424 1182 2488 subito
1205 2445 1255 2487 us·

101 2529 269 2596 sendimus
291 2530 398 2594 991999
421 2535 453 2594 91
475 2529 582 2595 191999
604 2529 768 2596 stomacho
791 2531 860 2614 ipsa
882 2531 949 2610 die,
981 2529 1117 2594 secunda
1141 2529 1256 2592 mensis

103 2632 255 2717 Augusti,
278 2635 469 2718 attingimus
492 2639 631 2700 montem
656 2633 731 2699 Sion
756 2635 788 2698 in
813 2635 1019 2700 Iberusslem.

191 2739 235 2804 Et
257 2741 279 2805 3
303 2740 353 2804 die
376 2740 492 2805 mensis
513 2741 651 2826 prefati,
685 2742 717 2804 iu
754 2763 818 2826 qua
840 2745 909 2805 erat
930 2741 1093 2820 sabertum,
1126 2739 1255 2804 desero

109 2845 315 2912 intraverunt
334 2847 496 2931 peregrini
517 2846 613 2912 tertia
628 2845 722 2911 vice³
746 2845 902 2931 templum
918 2846 1068 2912 dominici
1083 2844 1255 2929 sepulchri.

670 2971 689 3006 s

178 3039 190 3092 1
212 3036 313 3092 Diesen
326 3036 517 3106 unglttchasall
530 3036 639 3092 scheint
652 3036 736 3092 Fabri
754 3036 793 3090 im
807 3053 879 3106 auge
893 3037 999 3108 gebubt
1011 3055 1044 3091 zu
1055 3037 1156 3101 haben,
1175 3053 1256 3090 wenn

104 3143 135 3180 er
156 3125 190 3190 11,
210 3126 244 3181 39
264 3128 344 3195 sagt,
372 3125 436 3180 dass
455 3125 592 3181 nwisohen
615 3125 706 3181 seiner
732 3127 825 3181 ersten
845 3126 936 3194 (1480)
954 3123 1011 3179 und
1030 3123 1145 3178 aweiteu
1164 3123 1256 3195 (1433)

106 3213 283 3284 pilgerr'ahrt
301 3212 350 3267 der
367 3212 438 3268 koch
457 3213 533 3268 eines
546 3213 715 3270 vornehmen
728 3213 883 3270 deutschen
895 3213 1025 3282 adeligen
1039 3211 1191 3267 ertrunlren
1209 3211 1256 3266 sei.

104 3301 170 3356 Dies
189 3299 301 3356 suheint
327 3299 372 3354 die
399 3301 471 3355 erate
500 3300 605 3355 sichero
628 3299 722 3355 hunde
742 3319 805 3356 vom
825 3300 970 3356 ertrinhen
997 3300 1072 3355 eines
1091 3299 1195 3369 pilgers
1222 3318 1256 3354 uu

105 3389 181 3452 sein,
209 3387 286 3442 denn
304 3386 391 3442 selbst
418 3386 467 3442 der
493 3405 523 3442 so
541 3387 668 3442 19199999
687 3387 789 3445 Το119ι·
817 3388 906 3444 19991
923 3388 1023 3443 191999
1046 3388 1176 3442 19119199
1195 3389 1255 3446 fall.

106 3481 162 3531 hus
181 3474 246 3530 dem
260 3473 376 3544 rotigen
393 3474 488 3545 Jahrb.
506 3474 600 3530 citiert
618 3491 648 3530 er
666 3476 728 3531 eine
746 3476 836 3538 stelle,
856 3476 929 3531 nach
947 3475 996 3530 der
1010 3475 1133 3545 J'thrlich
1152 3475 1255 3546 wenig-

105 3566 180 3620 stens
200 3563 235 3618 20
254 3561 297 3616 bis
316 3561 350 3617 39
377 3579 512 3632 personen
544 3563 583 3616 im
608 3562 715 3618 Jordan
743 3562 897 3618 ertrunhen
915 3567 1017 3618 waren.
1053 3563 1121 3633 Top.
1140 3564 1174 3628 11,
1195 3555 1255 3619 199.

108 3653 147 3706 lm
163 3653 250 3723 jahre
273 3651 339 3705 1591
359 3651 475 3706 ertranh
494 3651 564 3708 auch
594 3651 639 3707 919
658 3651 758 3722 pitger.
805 3649 889 3706 usur.
909 3649 1019 3707 Meissn.
1047 3651 1079 3705 D.
1099 3650 1167 3721 pitg.
1195 3652 1257 3706 378.

106 3741 123 3792 2
149 3738 236 3795 99911
265 3737 317 3794 das
344 3739 431 3808 grosse
449 3739 588 3809 gewolbte
606 3739 690 3803 hans,
717 3739 750 3793 in
768 3738 900 3794 welchem
919 3737 1003 3793 Fabri
1022 3739 1056 3803 11,
1075 3740 1109 3796 33
1126 3739 1178 3793 arrf
1193 3739 1256 3793 dem

109 3827 237 3896 1199989
255 3826 337 3882 91999
356 3826 407 3882 teil
425 3827 475 3882 der
493 3829 580 3882 nocht
597 3827 757 3882 zubrachte.
795 3827 831 3880 Es
849 3825 887 3880 ist
905 3826 954 3882 der
973 3827 1031 3883 alte
1044 3827 1123 3882 Chen
1138 3825 1256 3890 Hadrur‚

108 3915 248 3986 nngeithr
267 3913 297 3967 in
316 3913 366 3968 der
379 3913 462 3969 mitte
473 3913 609 3970 99199199
621 3913 779 3970 Β91199199
798 3914 856 3968 991
871 3914 981 3971 Jerioho
1000 3915 1026 3970 in
1039 3915 1115 3970 einer
1129 3913 1257 3968 9919999-

107 4003 197 4060 119199
216 4001 329 4056 witdnis
347 4001 473 4072 gelegen.
510 4003 596 4074 Sepp,
625 4003 682 4059 Jer.
702 4003 723 4068 1,
742 4005 793 4058 713
812 4001 841 4059 ff.
946 4005 963 4059 3
991 4001 1051 4057 Deu
1069 4001 1180 4071 pilgern
1198 4017 1256 4053 war

105 4092 150 4147 ein
169 4089 353 4158 dreimaliger
370 4089 483 4144 eintritt
507 4089 538 4145 in
556 4090 601 4145 (119
619 4091 715 4146 hirohe
733 4090 781 4146 des
799 4091 838 4146 hl.
858 4091 962 4161 grabes
981 4091 1127 4160 gestattet.
1164 4085 1256 4142 Weun

107 4179 186 4236 Tobl.
206 4179 290 4248 Golg.
307 4179 359 4233 407
379 4181 459 4248 eagt,
478 4179 542 4234 dass
563 4177 623 4234 »(119
642 4178 760 4234 meisten
790 4179 835 4235 die
854 4179 967 4234 freiheit
992 4193 1046 4230 nur
1065 4173 1190 4229 zweimal
1210 4174 1256 4230 be·

106 4269 250 4329 usuras«,
271 4283 301 4323 so
320 4265 358 4320 ist
375 4266 426 4321 das
439 4265 517 4322 91911
535 4265 603 4324 blot
622 4267 667 4321 119
679 4266 824 4322 Walthers
842 4267 897 4322 9911
909 4262 1089 4321 99199119199
1102 4260 1255 4332 unrinhtig,

106 4353 229 4411 sondarn
248 4352 479 4410 wshrscheintioh
498 4355 568 4410 auch
593 4355 638 4408 119
662 4353 707 4409 (119
726 4355 844 4410 meister
864 4353 956 4424 pilger
974 4351 1099 4404 1119999
1119 4347 1176 4400 und
1194 4353 1257 4418 spt-

7 4459 8 4464 ’
108 4445 183 4499 teter
201 4441 258 4498 9911
277 4441 536 4497 919119919911991.
575 4441 638 4512 vgr.
658 4441 786 4512 Conrsdy
806 4441 840 4498 33
859 4457 933 4496 snm.
955 4441 1012 4494 117.
