3056 4944
789 311 851 377 ns
924 391 926 396 ,

247 491 355 551 monle
378 485 461 572 Syon
496 492 528 551 et
559 493 688 570 sumpto
711 487 844 570 prandio
868 509 977 552 omnes
1000 487 1186 570 congregati
1220 492 1296 552 sunt
1325 492 1400 552 aute

249 592 402 676 templum
427 592 576 658 dominici
600 593 762 677 sepulchri
794 597 827 657 et
855 593 927 657 dein
953 593 1127 658 intromissi
1150 597 1182 656 et
1205 593 1319 658 inclusi
1343 614 1401 676 per

247 703 384 763 noctem.
431 698 471 761 Et
494 697 564 782 ipso
587 699 666 763 hora
688 699 772 763 facta
795 704 843 763 est
860 699 1020 782 processio
1043 720 1114 764 oum
1130 721 1247 783 magua
1260 700 1399 782 solemp-

248 805 351 869 nitate
374 809 406 868 et
430 803 597 868 devotione
619 805 758 869 accensis
780 804 892 868 multis
915 804 1089 869 luminibus
1118 804 1157 868 ad
1180 805 1308 889 singula
1331 803 1402 868 loca

248 930 347 988 sacra,
371 931 432 992 que
454 909 487 972 in
511 907 633 993 templo
656 912 740 985 sunt,
764 929 834 972 cum
852 907 1049 972 orationibus
1068 909 1238 992 deputatis.
1286 908 1328 972 Et
1351 909 1401 970 in·

249 1015 405 1078 timantur
428 1013 513 1079 facta
537 1015 679 1079 locorum
705 1017 736 1078 et
752 1013 953 1097 indulgentie
970 1015 1180 1078 communiter
1204 1015 1237 1078 in
1260 1013 1400 1098 quadru-

248 1119 325 1203 plici
348 1118 476 1203 lingua:
500 1118 608 1184 Primo
630 1119 663 1182 in
680 1119 789 1198 latins,
813 1121 846 1183 2ο
869 1120 901 1183 in
920 1120 1099 1199 francicus,
1123 1121 1157 1183 3⁰
1179 1119 1212 1183 in
1235 1119 1347 1184 italica
1370 1123 1402 1182 et

249 1224 281 1287 4ιι
304 1224 336 1287 in
360 1224 544 1291 alamanica.
595 1224 636 1288 Et
659 1223 745 1288 facta
768 1225 968 1307 processione
997 1227 1153 1308 aptabant
1181 1245 1214 1288 se
1237 1223 1402 1309 peregrini

248 1331 287 1395 ad
310 1328 538 1394 contessionem
562 1335 595 1394 et
610 1329 820 1395 devotionem.
870 1329 911 1394 Et
934 1353 1028 1394 mane
1050 1331 1082 1394 iu
1108 1352 1219 1394 aurora
1243 1330 1301 1412 [26
1318 1327 1401 1411 Juli]

248 1436 438 1499 cantabatur
460 1433 601 1498 officium
625 1435 718 1500 misse
740 1435 771 1498 in
801 1435 961 1500 dominico
976 1433 1153 1518 sepulchro,
1178 1439 1211 1499 et
1224 1433 1401 1499 communi·

248 1543 400 1604 caverunt
433 1539 544 1604 devote
576 1541 666 1624 qussi
701 1561 808 1604 omnes
842 1539 1014 1624 peregrini.
1062 1539 1104 1603 Et
1135 1543 1263 1622 peracto
1293 1538 1403 1603 officio

249 1645 394 1708 exierunt
416 1644 535 1728 singuli
559 1645 597 1708 ad
621 1645 689 1710 loca
711 1665 777 1710 sua.

335 1748 476 1814 Sabatho
499 1753 531 1813 et
547 1750 703 1814 dominica
725 1751 868 1834 sequenti
893 1751 947 1828 [27
973 1773 1003 1814 u.
1021 1749 1062 1814 28
1078 1747 1160 1832 Juli]
1185 1751 1404 1814 corrvenerunt

250 1875 359 1919 omnes
381 1854 543 1938 peregrini
567 1855 605 1918 ad
640 1854 802 1920 ecclesiam
831 1856 949 1920 montis
972 1853 1075 1940 Syon,
1109 1853 1271 1918 audientes
1294 1853 1405 1918 divina

250 1960 356 2025 officia
373 1957 393 2022 ¹.
443 1958 483 2023 Et
506 1959 539 2023 in
564 1960 723 2026 dominica
739 1963 928 2026 reverendus
950 1965 1042 2044 poter
1057 1960 1231 2045 gordianus
1252 1959 1404 2023 invitavit

250 2087 359 2130 omues
382 2066 569 2149 peregrinos
596 2067 636 2131 ad
658 2067 837 2150 prandium.
885 2066 926 2130 Et
949 2067 1034 2131 facto
1058 2065 1192 2149 prandio
1216 2063 1403 2148 congregati

252 2175 343 2234 erant
366 2172 450 2235 eirea
466 2193 611 2254 vesperas
627 2173 708 2236 asini
731 2194 790 2256 pro
806 2173 964 2251 omnibus,
989 2193 1067 2255 quos
1083 2170 1293 2235 ascenderunt
1310 2190 1401 2252 pere·

250 2276 337 2359 grini
367 2276 399 2338 in
432 2280 539 2340 monte
562 2275 665 2360 Syos,
699 2278 879 2362 equitantes
907 2277 1033 2342 demum
1067 2277 1105 2340 ad
1129 2273 1304 2340 Bethleem.
1353 2273 1403 2337 lbi

251 2401 359 2445 omnes
382 2381 544 2464 peregrini
568 2382 685 2466 recepti
710 2386 784 2446 sunt
816 2405 834 2446 a
857 2382 1012 2447 fratribus
1041 2381 1079 2445 sd
1103 2384 1311 2460 conventum,
1348 2379 1402 2464 qui

251 2488 329 2552 olim
352 2485 415 2550 fuit
438 2487 664 2550 monasterium
688 2488 789 2552 sancti
811 2486 994 2552 lheronimi.
1043 2487 1083 2551 Et
1106 2486 1190 2551 factu
1213 2492 1260 2550 est
1283 2485 1399 2548 iterum

252 2592 410 2676 processio
426 2592 537 2656 devote
560 2592 598 2656 ad
622 2592 749 2675 singula
772 2593 841 2658 loca
863 2597 973 2656 sancta
994 2592 1121 2670 ibidem,
1146 2591 1314 2674 dequibus
1336 2590 1401 2654 sin·

252 2697 338 2784 gulis
372 2697 403 2760 in
426 2697 529 2780 specie
559 2696 694 2762 habetur
726 2697 811 2763 infra
842 2696 986 2762 infolio.
1033 2696 1074 2760 Et
1105 2719 1198 2760 mane
1231 2697 1264 2760 in
1288 2717 1404 2760 aurora

252 2802 387 2868 secunde
409 2802 488 2866 ferie
512 2802 568 2884 [29
584 2801 664 2886 Juli]
690 2808 818 2886 peracto
841 2803 948 2868 officio
970 2803 1142 2866 insedimus
1165 2803 1270 2867 asinos
1294 2807 1327 2866 et
1350 2823 1399 2866 as·

180 2989 182 2993 ¹
254 2909 415 2974 condimus
431 2912 582 2972 montana
604 2910 643 2973 ad
666 2909 793 2974 domurn
811 2907 962 2974 Zacharia
984 2913 1017 2972 et
1034 2907 1210 2987 Elisabeth,
1233 2907 1404 2992 dequibus

255 3015 350 3078 etiarn
375 3015 512 3078 habetur
535 3015 565 3077 in
591 3015 692 3098 specie
716 3015 793 3079 solio
809 3013 830 3078 ².
877 3015 918 3078 Et
938 3013 1075 3078 visitatis
1098 3014 1175 3078 locis
1191 3013 1301 3078 devote
1325 3011 1403 3076 feci·

258 3141 326 3184 mus
348 3120 549 3185 collationem
581 3121 665 3185 ciros
699 3121 820 3186 fontem
843 3119 995 3185 Zacharia
1027 3123 1058 3184 et
1093 3119 1162 3202 ipsa
1194 3118 1245 3182 die
1268 3117 1404 3201 regressi

254 3246 361 3288 sumus
384 3225 417 3287 in
446 3223 649 3289 lherusslem.
697 3224 738 3288 Et
762 3226 885 3289 demum
917 3225 1014 3289 tertia
1044 3222 1125 3288 seria
1149 3224 1203 3308 [30
1226 3220 1308 3306 Juli]
1331 3226 1404 3306 post

258 3329 426 3412 prandium
450 3329 535 3394 circa
551 3330 792 3414 completorium
812 3328 995 3413 congregati
1019 3333 1094 3392 sunt
1117 3349 1225 3392 omues
1242 3326 1403 3411 peregrini

822 3483 841 3518 *le

331 3605 344 3660 1
365 3605 433 3660 Eine
445 3605 634 3676 regelmailige
647 3607 844 3678 peregrinatio,
863 3606 908 3660 die
921 3605 965 3659 nis
975 3605 1151 3660 unterlassen
1165 3605 1265 3672 urrrde,
1284 3605 1403 3661 bestand

257 3694 295 3748 im
316 3692 433 3748 besuchc
451 3693 501 3748 der
521 3693 567 3748 via
585 3695 720 3759 dolorosa,
740 3695 787 3750 des
807 3695 900 3749 thales
913 3694 1052 3763 Josaphat
1072 3694 1124 3748 mit
1141 3695 1191 3748 der
1209 3693 1405 3763 grabeslrirchs

260 3781 382 3838 Matiene
401 3782 457 3836 und
476 3782 525 3838 dcr
537 3787 726 3852 angstgrotte,
746 3785 793 3839 des
806 3773 940 3854 lllbergca
958 3783 1011 3837 mit
1028 3785 1077 3838 der
1090 3780 1401 3844 himnrelfahrtskirche,

256 3871 305 3925 der
326 3867 449 3924 Marien·
467 3871 523 3924 und
542 3871 724 3941 Siloaquelle,
754 3872 801 3926 des
825 3871 921 3927 soliers
940 3871 1145 3925 Acheldemach
1165 3869 1221 3923 und
1240 3869 1288 3924 des
1307 3869 1403 3939 berges

206 3947 209 3956 ⁴
258 3958 306 4012 des
324 3958 410 4012 bdsen
438 3961 520 4013 rates.
556 3959 683 4016 Obschon
703 3959 834 4015 Walther
862 3959 937 4014 diese
955 3959 1145 4029 peregrinatio
1172 3957 1251 4011 nicht
1270 3957 1402 4020 erwahnt,

255 4044 351 4099 warde
378 4044 418 4100 sie
435 4062 490 4102 von
509 4062 611 4101 unsern
630 4047 741 4116 pilgern
768 4047 856 4102 sicher
877 4045 1009 4116 gemacht
1028 4046 1085 4100 und
1105 4061 1179 4099 zuar
1198 4045 1296 4100 hochst
1314 4045 1403 4098 wahr-

256 4131 407 4188 soheinlich
421 4150 467 4188 am
480 4133 612 4203 Samstag
624 4133 678 4188 den
691 4136 724 4188 27
737 4133 803 4189 Juli.
874 4135 891 4188 2
913 4134 968 4188 Der
981 4133 1082 4189 besuch
1095 4151 1149 4189 von
1166 4131 1218 4186 Ain
1232 4131 1338 4198 Karim,
1356 4133 1404 4186 der

257 4221 470 4277 traditionellen
489 4221 693 4291 geburtsstatte
711 4222 759 4276 des
777 4221 816 4275 hl.
829 4221 972 4278 lohannes
991 4221 1038 4275 des
1057 4221 1173 4286 ttufers,
1192 4220 1326 4275 sandwic
1344 4221 1402 4274 hier

257 4310 432 4379 gewdhnlieh
451 4327 504 4366 ron
525 4309 702 4372 Bethlehem.
730 4309 775 4365 his
794 4310 850 4364 und
870 4310 908 4364 da
926 4309 994 4364 aber
1017 4309 1087 4363 auch
1107 4326 1160 4363 von
1179 4307 1335 4363 Jerusalem
1356 4323 1404 4362 aus

257 4397 339 4455 statt.
375 4397 459 4452 Fabri
479 4399 512 4455 ΙΙ.
531 4400 564 4455 20
583 4398 610 4457 ff.
