3062 4938
813 285 855 354 st

258 469 290 530 et
312 463 425 530 vellem
450 487 521 531 eum
544 464 682 548 spoliare
704 485 761 528 sua
785 463 979 528 mercedest
1001 467 1132 543 metere,
1157 463 1240 548 quod
1264 465 1331 548 ipse
1357 486 1404 530 se·

257 571 417 636 minasset.
466 570 507 634 Et
522 570 650 634 tandem
665 569 795 654 scripsit
817 569 896 634 mihi
918 570 954 634 in
977 568 1036 634 hec
1057 569 1154 634 verba
1176 569 1210 634 in
1234 570 1405 636 ebdomada

259 680 333 740 ante
355 673 627 759 Septuegesimam
651 673 685 759 [3
710 673 799 739 Febr.
827 674 945 757 1482],
977 674 1052 757 quie
1082 674 1219 758 populus
1247 675 1403 755 incitavit,

258 783 295 844 nt
323 781 496 863 inciperem
526 780 559 843 in
592 780 699 844 eedem
728 781 903 846 dominica:
936 778 1098 844 »Salutem
1130 781 1162 845 in
1194 781 1322 846 domino
1345 786 1403 848 etc.

259 885 440 950 Reverende
455 888 563 968 pater!
587 884 666 949 Heri
689 885 768 950 hora
790 886 969 969 vespertina
992 886 1215 970 supplicarunt
1238 885 1299 950 duo
1325 907 1406 950 mer·
1515 919 1516 986 p

260 995 398 1068 catores,
430 993 467 1053 nt
490 990 594 1054 darem
620 1011 690 1055 cum
714 992 871 1075 patientia
893 995 927 1056 et
950 992 1149 1076 benignitate
1172 991 1275 1056 locum
1300 996 1406 1074 pater·
1515 993 1517 1024 ¹

261 1095 357 1159 nitati
381 1099 484 1159 vestre
510 1096 549 1160 ad
577 1097 802 1179 predicandum
828 1099 891 1162 ista
919 1092 1176 1182 Quadragesima.
1233 1096 1408 1179 Respondi:

263 1200 418 1285 quidquid
441 1200 582 1266 facerent
604 1202 767 1267 reverendi
791 1209 898 1286 patres
919 1203 993 1283 mei,
1015 1225 1197 1282 annuerem,
1229 1210 1266 1267 ut
1288 1203 1406 1266 iustum

259 1310 318 1371 est.
364 1303 608 1389 Responderunt
630 1311 737 1390 patres
760 1308 838 1389 mei,
874 1310 957 1394 quod
989 1309 1124 1374 dicerem
1156 1307 1293 1373 dominis
1324 1329 1408 1372 mer-

259 1411 429 1490 catoribus,
453 1412 536 1496 quod
560 1411 635 1476 licet
659 1411 797 1478 habeant
819 1435 869 1478 me
893 1414 1051 1497 deponere
1073 1414 1112 1478 ad
1136 1413 1265 1476 libitum
1289 1433 1409 1490 eornm,

260 1519 366 1580 temen
400 1516 459 1582 hoc
494 1522 542 1582 est
574 1517 742 1582 honestum
770 1523 803 1582 et
837 1517 956 1582 bouum
972 1516 992 1582 ¹.
1038 1517 1123 1582 Nam
1155 1517 1314 1601 predicavi
1338 1517 1410 1581 istis
1517 1551 1518 1566 .

261 1620 371 1684 diebus
394 1622 436 1686 66
466 1644 625 1688 sermones
639 1620 663 1702 ¹,
693 1627 726 1686 et
755 1623 866 1703 modo,
896 1645 968 1688 cum
1000 1623 1223 1688 seminaverim
1252 1629 1285 1686 et
1315 1622 1410 1686 debe-
1516 1609 1518 1680 i

261 1747 328 1790 rem
350 1727 513 1792 ecclesiam
536 1733 677 1792 sanctam
700 1734 828 1808 metere,
852 1730 1028 1812 paternitas
1049 1733 1155 1793 vestra
1178 1728 1246 1792 cult
1278 1733 1410 1792 metere.

261 1830 320 1912 lte,
344 1833 483 1914 obsecro,
506 1835 545 1898 ed
568 1855 699 1898 examen
722 1835 914 1898 conscientie
930 1841 1034 1898 vestre
1057 1840 1089 1898 et
1112 1833 1273 1912 discutite,
1298 1839 1410 1896 utrum
1518 1851 1519 1854 ’

262 1936 448 2021 religiosum
479 1944 511 2004 et
541 1941 661 2004 iustum
693 1939 755 2004 hoc
785 1940 837 2004 sit.
884 1937 967 2004 Nam
999 1939 1050 2003 lex
1082 1938 1240 2002 naturalis
1273 1939 1411 2003 clamat:

265 2039 371 2116 ‹Quod
397 2043 455 2107 tibi
480 2065 544 2108 non
567 2044 615 2108 vis
639 2043 723 2122 fieri,
746 2041 841 2108 alteri
865 2065 926 2107 non
952 2043 1100 2108 lecerisl«
1149 2041 1231 2106 Vere
1254 2043 1280 2104 si
1304 2048 1411 2106 vestra
1518 2043 1519 2048 ’

261 2148 440 2230 paternitas
463 2149 667 2232 predicasset,
691 2153 723 2212 et
746 2168 805 2231 ego
822 2147 937 2212 vellem
952 2147 1234 2228 Quadrageeimam
1257 2149 1412 2230 arripere,

261 2273 337 2338 egre
370 2257 402 2316 ct
424 2252 632 2334 impatienter
662 2253 835 2336 accipietis.
882 2252 950 2318 Nec
981 2254 1082 2334 credo,
1118 2253 1276 2336 quodvis
1307 2259 1417 2318 restra

261 2357 387 2440 placeat
403 2357 470 2436 deo,
486 2358 561 2441 quia
576 2362 688 2421 contra
706 2357 882 2421 fraternam
899 2359 1065 2422 ceritatem
1082 2379 1176 2442 agere
1193 2358 1317 2434 velitis3
1338 2381 1415 2423 nam

265 2483 303 2526 ex
326 2462 453 2546 integro
475 2483 546 2526 sum
579 2463 768 2528 destructus.
815 2463 882 2548 Ego
909 2464 1065 2529 altissimo
1097 2468 1179 2528 teste
1219 2465 1347 2546 obligor
1374 2465 1416 2528 12

264 2567 393 2632 ducatos
416 2570 449 2632 et
472 2572 536 2632 tres
559 2569 685 2634 solidos.
730 2568 846 2634 Videat
882 2573 913 2634 et
935 2575 1041 2633 vestra
1075 2569 1269 2652 paternitas,
1302 2570 1416 2652 quales

262 2673 361 2738 libros
385 2673 521 2758 aquisivi
545 2679 577 2738 et
601 2675 758 2759 quomodo
774 2675 895 2740 solvam
912 2676 994 2740 illos.
1040 2673 1074 2738 Si
1091 2675 1164 2739 illos
1180 2675 1310 2739 ducatos
1326 2697 1414 2738 mer·

262 2782 385 2842 catores
401 2779 512 2843 volunt
535 2781 663 2860 solvere,
688 2781 825 2846 libenter
848 2781 928 2845 dabo
952 2781 1067 2860 locum,
1091 2785 1124 2844 et
1145 2784 1285 2844 veterem
1310 2780 1413 2843 eccle-

262 2883 342 2947 siam
364 2885 464 2948 sancti
487 2883 601 2949 Leonis
624 2885 777 2969 accipiam
789 2883 812 2963 ³,
836 2889 868 2948 st
891 2886 1008 2948 iterum
1033 2885 1170 2968 populus
1200 2888 1308 2947 noster
1330 2884 1415 2946 divi-

262 2990 371 3054 detur:
394 3012 456 3055 non
481 2997 529 3055 est
552 3013 601 3056 res
624 3013 643 3055 a
664 2991 791 3057 domino
815 3011 872 3055 nec
898 2989 1056 3075 religiosa.
1106 2989 1278 3052 Informete
1311 2989 1418 3071 igitur

262 3099 462 3176 mercatores,
486 3101 523 3160 nt
546 3098 710 3181 quiescant
733 3098 792 3161 hac
814 3097 890 3164 vice.
940 3094 1135 3160 Procurestis
1157 3093 1240 3158 mihi
1264 3094 1416 3176 indigna-

263 3199 384 3263 tionem
399 3199 608 3279 dominorum,
632 3223 728 3285 quem
743 3201 890 3278 incurro;
914 3201 1000 3264 viam
1023 3222 1127 3264 meam
1144 3221 1253 3265 versus
1268 3206 1417 3265 sanctam

264 3303 475 3369 Katherinam
498 3307 617 3389 expleri
641 3328 704 3370 non
727 3313 849 3390 potero,
874 3311 905 3370 et
927 3306 1033 3370 multa
1049 3304 1313 3384 inconvenientis,
1337 3327 1417 3389 ymo

264 3408 480 3491 expulsionem
509 3433 528 3474 a
558 3415 715 3476 conventu
744 3413 859 3495 patiar.
913 3411 1020 3495 Igitur
1052 3411 1127 3495 quid
1159 3410 1263 3474 facere
1295 3411 1418 3492 velitis,

263 3514 357 3578 unico
372 3516 468 3579 verbo
483 3517 603 3600 scripto
618 3517 776 3581 insinuate
790 3516 881 3581 milri.
926 3515 1116 3581 Scandalum
1139 3516 1313 3580 maximum
1336 3517 1417 3579 sub·

263 3622 432 3702 sequetur;
456 3643 530 3684 nem
553 3626 628 3684 sunt
643 3621 752 3704 magui
769 3621 901 3699 nobiles,
925 3621 982 3705 qui
1006 3643 1065 3704 pro
1088 3644 1138 3684 me
1155 3622 1337 3704 supplicare
1361 3621 1416 3684 in-

265 3725 416 3805 tendunt,
449 3731 481 3789 et
512 3727 538 3790 si
570 3727 728 3810 repulsam
759 3728 880 3790 dabunt
907 3727 1028 3791 domini
1053 3733 1263 3804 mercatores,
1295 3727 1415 3790 nescio.

265 3827 383 3894 Vecete
399 3831 672 3915 contemplationi.
708 3832 866 3914 Augustis
882 3831 961 3895 milri
980 3832 1134 3915 undique:
1156 3831 1183 3894 si
1199 3830 1279 3894 dabo
1297 3832 1416 3910 locum,

264 3956 327 4000 non
350 3940 462 4020 potero
484 3937 605 4002 solvere
628 3937 743 4014 debita,
766 3937 816 4000 sin
839 3941 946 4001 autem
968 3937 1188 4019 predicavere,
1220 3941 1418 4000 mercatores

825 4045 844 4080 ἅ·

337 4107 453 4164 lFshlt
470 4109 596 4166 offeabar
615 4127 680 4164 non.
830 4109 901 4163 2Ee
919 4126 995 4162 musa
1014 4108 1133 4163 hienach
1150 4109 1180 4161 in
1207 4107 1297 4162 dieser
1316 4108 1420 4164 kircha

265 4195 328 4250 sehr
344 4196 441 4268 haufig
458 4197 574 4253 deutach
592 4197 742 4267 gepredigt
754 4197 865 4252 worden
885 4197 956 4252 sein.
1027 4197 1044 4252 3
1064 4195 1142 4250 Auch
1160 4195 1190 4248 in
1209 4193 1298 4249 dieser
1318 4195 1419 4250 kircha

265 4283 373 4347 warde,
401 4284 452 4340 wie
470 4303 519 4340 aus
539 4285 628 4342 dieser
651 4285 709 4339 und
727 4284 802 4340 einer
821 4288 909 4340 natea
927 4283 1079 4354 folgenden
1099 4283 1210 4354 acgabe
1233 4283 1417 4354 hervorgebt,

266 4369 352 4424 crura
370 4372 484 4427 dentach
504 4373 660 4444 gepredigt.
