3062 4938
827 315 846 380 8

263 490 339 575 qnia
360 491 423 554 iarn
447 491 642 556 inveteratus
665 512 700 554 ac
716 489 890 574 plurimum
914 495 1065 576 gravatus
1087 492 1175 555 intus
1198 493 1230 555 el
1254 489 1331 554 ioris
1352 511 1410 574 per

260 596 378 662 multas
400 595 624 682 occupationes
656 601 723 661 tam
756 617 794 660 ex
817 601 910 680 parte
932 585 1069 663 fratrum
1100 603 1209 662 nostre
1232 595 1408 680 religionis,

260 723 403 767 sororum
426 707 534 767 sancte
550 700 654 782 Clare,
678 701 897 768 tertiariorum
915 703 937 784 ¹,
962 726 1057 788 quarn
1073 703 1168 768 etiam
1184 723 1223 766 ex
1245 704 1338 784 parte
1360 722 1409 765 se·

260 806 414 872 celarium
435 829 653 892 personarum,
677 809 732 894 qui
755 831 864 874 omnes
879 811 1019 894 undiquc
1042 815 1074 876 et
1090 807 1241 875 continue
1262 827 1313 871 me
1335 827 1408 891 per·

260 912 403 978 turbant.
439 911 561 978 ¹Tantis
576 913 680 979 causis
696 914 843 998 pluribus
859 921 891 980 et
906 915 1103 999 periculosis,
1127 915 1174 998 [et
1191 913 1242 978 die
1264 933 1301 976 ac
1315 915 1409 975 nocte

258 1039 322 1082 non
353 1017 542 1082 minuuntur
571 1017 625 1085 aed
647 1025 914 1105 augmentantur,
948 1027 980 1086 et
1012 1019 1206 1106 singularius
1239 1023 1272 1083 et
1302 1017 1409 1080 verius

259 1123 453 1189 conscicntia
474 1126 618 1209 propria,
644 1148 706 1210 que
728 1149 791 1190 non
814 1133 917 1192 cessat
932 1126 1098 1192 stimulare
1120 1147 1157 1190 ac
1172 1124 1316 1189 mordere
1338 1121 1408 1185 ani·
1445 1135 1447 1142 ’

259 1250 345 1292 mum
368 1251 490 1309 meum,
522 1251 579 1296 nec
610 1231 684 1296 silet
713 1233 751 1296 ad
783 1233 881 1296 ictum
909 1225 1003 1297 oculi.
1050 1232 1092 1296 Et
1115 1229 1191 1315 quid
1222 1227 1302 1292 mihi
1323 1247 1410 1290 nunc
1524 1285 1525 1292 ,

258 1338 359 1400 restat
380 1335 467 1401 aliud
482 1335 588 1403 facere
611 1359 706 1422 quarn
722 1338 858 1402 solerter
881 1343 914 1403 et
937 1339 1002 1404 cito
1019 1341 1166 1403 excutere
1182 1331 1345 1419 pulverem
1370 1329 1409 1396 de

257 1440 390 1523 pedibus
412 1441 503 1526 meis]
522 1438 535 1477 ¹
563 1447 595 1508 et
617 1444 846 1543 meipsum-[p.
862 1446 906 1542 Ι4]
931 1432 1064 1529 perdere
1093 1441 1179 1508 etin
1204 1440 1273 1505 loco
1296 1438 1409 1522 ignoto
1525 1469 1526 1540 ἒ

258 1549 291 1609 et
305 1545 449 1624 obscuro,
472 1547 527 1612 ubi
543 1549 701 1614 alamania
715 1549 836 1634 lingwa
850 1549 930 1614 mihi
946 1571 1010 1614 non
1026 1551 1181 1625 occurrat,
1204 1544 1406 1621 abscondere,
1525 1549 1526 1616 l

258 1649 367 1735 ibique
383 1650 545 1734 passiones
560 1655 708 1738 proprias
723 1655 855 1736 calcare,
878 1677 947 1720 mea
963 1659 1093 1739 peccata
1109 1675 1180 1719 cum
1196 1649 1408 1716 amaritudine
1525 1727 1527 1746 ἵ

258 1757 361 1821 cor'dis
384 1757 507 1839 deflere,
540 1760 635 1841 deum
658 1783 763 1826 meum
780 1776 782 1783 ’
797 1763 828 1826 in
853 1761 982 1826 silentio
1005 1759 1190 1845 prestolare,
1219 1777 1278 1839 pro
1293 1751 1409 1836 ‘gratia

258 1865 291 1925 et
305 1862 480 1928 virtutibus
502 1865 595 1929 deum
616 1867 767 1932 continue
782 1867 939 1951 flagitare,
963 1865 1211 1931 amantissimam
1228 1859 1406 1944 passionem
1526 1861 1527 1894 ³

257 1967 431 2033 dulcissimi
455 1967 549 2034 lhesu
564 1959 676 2036 devote
694 1993 914 2050 rememorare,
938 1969 1152 2036 recollectioni
1169 1967 1234 2032 vite
1248 1985 1317 2029 mee
1332 1983 1406 2046 pre·

258 2072 353 2137 terite
372 2093 409 2136 ac
425 2075 690 2160 contemplationi
706 2063 879 2163 diligenter
890 2061 1053 2156 inherere,
1077 2077 1168 2141 deum
1185 2094 1243 2157 pro
1259 2066 1407 2136 omnibu's

259 2178 441 2244 hominibus
465 2185 498 2244 et
520 2182 656 2248 maxime
679 2205 739 2267 pro
762 2183 840 2248 meis
863 2182 1117 2248 benefactoribus
1139 2201 1210 2245 cum
1233 2174 1407 2260 gemitibus
1526 2175 1527 2178 ’

256 2283 380 2348 solicite
402 2306 541 2350 exorare.
587 2285 729 2362 Quorum
753 2309 811 2352 nec
833 2311 932 2352 unum
954 2289 987 2352 in
1012 2292 1081 2352 tota
1096 2282 1261 2371 provincis
1278 2279 1406 2364 Argen-

257 2387 343 2466 tina,
359 2388 392 2452 in
410 2389 479 2454 loco
495 2412 611 2475 magno
621 2392 676 2456 wel
693 2414 791 2476 parvo
807 2414 934 2476 possum
950 2391 1196 2477 apprehendere,
1217 2409 1281 2452 non
1297 2390 1404 2449 tamen

258 2495 381 2558 ratione
396 2495 559 2577 provincie
574 2497 624 2561 vel
639 2497 773 2563 alicuius
789 2499 850 2564 loci
874 2501 926 2564 aed
943 2499 1067 2564 ratione
1082 2482 1307 2582 personarumss
1330 2487 1404 2554 nam

258 2589 446 2686 quocunque
461 2593 582 2666 locatus
598 2602 699 2682 fuero,
723 2604 818 2668 etiam
842 2605 869 2668 si
892 2609 925 2670 et
940 2608 1104 2689 exemptus
1127 2605 1159 2666 et
1181 2597 1405 2685 privilegiatus

257 2729 314 2792 per
337 2706 542 2771 reverendum
567 2708 720 2772 vicarium
743 2709 923 2794 generalem
947 2714 980 2774 et
1001 2707 1228 2794 provincialem
1252 2725 1316 2782 ero,
1339 2723 1403 2766 non

257 2820 364 2878 temen
388 2816 546 2876 cessarent
569 2835 733 2878 murmura
755 2815 980 2899 gerdianorum
1004 2820 1036 2880 et
1059 2811 1313 2898 suppositorum,
1347 2827 1405 2871 nec

257 2902 460 2983 servarentur
475 2915 554 2981 mihi
567 2901 723 3001 promissa
738 2941 795 2988 nec
804 2921 924 3005 scripta
938 2921 1152 3005 superiorum:
1168 2913 1402 2983 cessante·enim

255 3024 380 3113 prelato
390 3027 512 3088 cessant
523 3025 733 3090 communiter
742 3024 828 3112 leges
838 3027 915 3094 eius.
932 3027 1000 3092 Hec
1010 3030 1096 3106 sunt,
1107 3044 1168 3108 que
1181 3045 1231 3088 me
1242 3023 1402 3107 premunt,

821 3167 838 3199 4

256 3279 258 3288 1
329 3253 347 3306 1.
363 3248 418 3304 Der
435 3249 474 3303 hl.
493 3248 655 3305 Franciseus
673 3250 783 3308 echrieb
800 3251 985 3308 bekanntlich
1002 3252 1048 3306 fdr
1067 3251 1112 3308 dia
1130 3251 1169 3306 hl.
1188 3250 1280 3312 Clara,
1299 3248 1403 3304 welche

256 3341 314 3396 sich
327 3336 417 3392 seiner
431 3335 597 3408 gaistlichen
612 3337 723 3409 leitung
736 3340 895 3410 iibergeben
913 3341 970 3394 und
984 3340 1078 3395 seinen
1097 3339 1170 3408 geist
1189 3337 1239 3392 aul
1255 3337 1306 3392 das
1318 3335 1402 3391 weib-

255 3426 327 3482 liche
347 3423 509 3494 geschlocht
527 3425 698 3496 libertragen
718 3427 807 3492 hatte,
832 3427 967 3482 ebenlalls
986 3426 1046 3482 eine
1065 3425 1250 3495 ordenaregel‚
1277 3424 1402 3479 weshalb

240 3517 306 3572 ,der
324 3513 411 3570 orden
430 3512 480 3568 der
495 3509 666 3568 Clarissinen
687 3514 736 3568 der
754 3514 850 3569 zwdte
868 3514 954 3570 orden
972 3513 1020 3569 dea
1038 3513 1078 3568 hl.
1093 3513 1253 3568 Franciscus
1271 3515 1402 3582 genennt

255 3602 333 3657 wird.
371 3601 445 3655 hber
464 3599 534 3655 auch
561 3601 606 3655 fiir
632 3603 697 3672 jene
715 3620 853 3673 personen
871 3603 1005 3659 beiderlei
1024 3603 1221 3674 geschlechtes.
1250 3601 1353 3657 welche
1372 3602 1402 3656 in

255 3691 305 3747 dar
323 3689 391 3744 walt
419 3687 500 3744 leben
519 3693 645 3756 mlissen,
673 3691 741 3746 aber
769 3691 840 3747 doch
867 3691 940 3746 nach
958 3691 1134 3747 christlicher
1152 3689 1402 3747 volllrommenheit

256 3778 370 3834 strebcn
397 3775 455 3830 und
484 3792 520 3830 an
548 3776 602 3832 den
620 3777 798 3834 verdiensten
825 3779 873 3835 des
897 3779 1096 3835 lrlbsterlichen
1115 3780 1209 3835 lebena
1228 3778 1401 3835 teilnehmen

254 3866 378 3925 wollten.
398 3862 507 3918 sohrieb
525 3862 650 3919 darselbe
673 3864 777 3935 heiliga
804 3865 865 3921 eine
882 3867 976 3936 regel,
1006 3866 1051 3921 dia
1069 3868 1146 3937 regcl
1164 3867 1212 3921 des
1233 3865 1340 3920 dritten
1358 3883 1402 3922 or-

254 3955 322 4010 dens
335 3969 390 4009 von
413 3951 462 4005 der
484 3949 565 4018 bulte,
588 3951 691 4008 welche
712 3971 765 4009 von
780 3953 994 4010 verschiedensn
1013 3957 1132 4026 papaten
1146 3954 1284 4026 bestatigt
1296 3955 1399 4012 wurde.

255 4044 306 4098 Die
324 4055 473 4112 perseam,
501 4039 605 4094 welche
632 4040 704 4094 nach
731 4039 821 4096 dieser
848 4042 926 4112 regal
952 4041 1049 4107 leben,
1077 4044 1166 4098 nennt
1184 4060 1251 4098 man
1269 4043 1400 4101 tertiarii.

258 4131 343 4185 Weta.
362 4125 448 4182 Welt.
468 4125 518 4190 lv,
537 4127 604 4184 1803
622 4128 641 4182 f.
679 4127 813 4198 Hergenr.
832 4130 980 4202 Kirchang.
1006 4131 1042 4196 ll,
1060 4132 1119 4188 368.
1243 4131 1260 4186 2
1279 4130 1333 4184 Der
1352 4131 1400 4185 ab·

254 4213 360 4271 schnitt
377 4213 409 4268 in
426 4211 585 4269 klammern
606 4215 689 4269 rdhrt
716 4233 770 4272 von
789 4217 920 4283 anderen,
947 4219 1074 4274 aiemlich
1093 4216 1302 4288 gleichzeitigen
1321 4217 1399 4272 hand

254 4306 318 4368 her,
347 4301 464 4358 welcher
490 4301 560 4356 anch
588 4301 632 4356 die
659 4301 689 4357 in
716 4302 765 4360 der
783 4304 940 4378 einleitung
965 4323 987 4363 a.
1007 4305 1045 4360 lX
1072 4303 1174 4360 bereits
1192 4303 1398 4376 besprocheneu

254 4389 535 4462 randbemerlrnngen
554 4389 722 4462 angehtren.
