3054 4944
837 349 901 420 308

293 528 435 593 nenimes
458 529 491 594 in
515 530 586 610 fide,
610 553 666 614 spe
689 531 768 595 bene
785 531 913 609 firmati,
938 531 1072 596 caritate
1095 532 1144 596 dei
1168 537 1201 596 et
1216 531 1356 616 proximi
1372 531 1448 596 fun-

293 633 378 697 ditus
402 634 544 715 radicati,
568 635 602 700 in
625 635 715 702 nullo
738 656 845 700 errore
867 637 1016 720 suspecti,
1040 657 1099 701 nec
1122 637 1256 702 minima
1276 636 1364 702 fama
1385 636 1448 702 ali·

292 738 382 802 cuius
398 738 517 803 heresis
540 761 599 823 par
623 739 827 824 deigratiam
843 741 957 805 notati.
1007 740 1046 804 Et
1062 742 1139 826 quid
1155 742 1283 807 dicam?
1308 741 1449 808 Ecclesie

293 864 421 908 romane
443 844 477 908 in
500 845 648 910 omnibus
670 848 746 910 sunt
767 845 960 922 obedientes,
984 847 1042 911 deo
1064 847 1115 911 die
1137 869 1174 914 ec
1196 853 1289 913 nocte
1305 847 1447 912 fideliter

292 949 475 1026 servientes,
499 947 628 1015 Ihesum
650 973 760 1016 verum
783 952 875 1016 deum
899 955 932 1016 et
955 952 1115 1018 hominem
1138 977 1176 1018 ex
1195 957 1323 1040 virgine
1345 952 1450 1016 Maria

292 1056 403 1118 natum
426 1059 459 1118 et
485 1055 636 1136 spiritum
653 1059 808 1136 sanctum,
832 1079 851 1120 e
872 1057 940 1121 filio
955 1059 1038 1122 sicut
1060 1080 1078 1122 a
1101 1065 1194 1142 patre
1209 1060 1447 1143 procedentem,

291 1158 418 1240 publice
440 1165 553 1224 contra
576 1160 733 1225 hereticos
756 1161 960 1241 confitentes,
986 1160 1034 1247 [p.
1059 1163 1135 1248 364]
1160 1163 1377 1228 Eukeristiam
1414 1162 1447 1225 in

290 1263 399 1328 azimis
422 1265 558 1348 panibus
581 1271 613 1331 et
634 1267 720 1344 vino,
744 1267 845 1332 mixto
867 1289 950 1352 equa
972 1269 1004 1331 in
1030 1267 1136 1346 calice,
1160 1267 1347 1352 frequenter
1369 1287 1447 1332 oon·

290 1368 449 1447 ficientes,
485 1392 608 1436 errores
643 1372 778 1438 aliarum
801 1373 970 1438 nationum
993 1374 1154 1453 odientes,
1186 1374 1313 1438 hereses
1336 1394 1447 1437 eorum

291 1475 507 1558 reprobantes,
531 1481 564 1542 et
578 1483 691 1542 eontra
706 1477 864 1543 hereticos
879 1479 996 1544 acriter
1011 1479 1225 1564 inpingentes,
1249 1483 1450 1563 quapropter

292 1600 355 1644 non
379 1601 495 1663 peuces
517 1583 730 1648 detractiones
762 1584 802 1647 ab
825 1583 902 1666 ipsis
924 1582 1073 1648 hereticis
1102 1583 1298 1661 sufferentes,
1322 1604 1361 1648 ao
1384 1605 1449 1648 non

290 1685 427 1750 modicas
450 1688 656 1752 adversitates
680 1693 712 1752 et
733 1687 895 1753 molestias
920 1711 939 1753 a
961 1686 1145 1753 Sarracenis
1168 1689 1319 1753 continue
1345 1689 1446 1754 susti·

290 1796 410 1855 nentes,
457 1791 592 1856 indubie
622 1793 763 1876 undique
797 1794 963 1878 angustie,
998 1794 1138 1878 undique
1161 1794 1391 1860 tribulationes
1415 1801 1448 1859 et

289 1896 535 1980 circumquaque
557 1901 646 1962 stent
669 1899 821 1981 pericula.
869 1897 910 1962 Et
932 1899 994 1964 nisi
1019 1901 1126 1984 gratia
1147 1898 1198 1964 dei
1222 1899 1392 1976 consolati,
1417 1905 1449 1964 et

289 2023 386 2065 manu
409 2001 573 2082 adiutrice,
597 2003 778 2068 elemosinis
792 2003 1058 2084 christifidelium,
1082 2026 1121 2069 ex
1137 2004 1307 2089 inponenti
1330 2005 1448 2084 adiuti,

288 2107 460 2171 subsistere
483 2111 515 2171 et
538 2112 647 2174 tenere
672 2109 742 2174 loce
764 2109 797 2173 in
822 2113 909 2174 terra
925 2113 1036 2174 sancte
1049 2109 1181 2174 minime
1198 2115 1347 2194 possent;
1373 2133 1448 2176 nam

288 2209 430 2276 infideles
453 2214 486 2276 et
509 2211 652 2294 heretici,
677 2219 712 2278 ut
735 2218 846 2278 notum
869 2219 934 2295 est,
972 2215 1054 2278 nihil
1077 2215 1109 2278 in
1133 2215 1231 2280 sacris
1252 2213 1330 2278 locis
1355 2215 1446 2278 edifi-

288 2322 363 2381 cent
386 2339 444 2381 neo
465 2319 659 2402 pauperibus
681 2319 838 2385 fratribus
861 2320 982 2406 aliquid
1006 2321 1100 2400 dant,
1123 2341 1197 2404 ymo
1220 2339 1349 2402 semper
1378 2320 1446 2398 hec,

290 2445 351 2507 que
375 2422 504 2502 habent,
528 2424 625 2488 etiem
646 2423 783 2490 aufferre
806 2425 944 2490 student.
991 2425 1033 2490 Et
1064 2425 1136 2509 quis
1160 2428 1241 2488 esset
1273 2427 1340 2487 tam
1366 2424 1446 2488 dure

285 2527 408 2608 cordis,
441 2527 572 2592 audiens
595 2531 627 2592 et
650 2530 853 2594 considerans
876 2551 935 2613 pro
957 2550 990 2594 se
1013 2533 1046 2594 et
1068 2551 1126 2594 sue
1147 2535 1251 2594 matre
1272 2531 1368 2594 tenta
1391 2551 1444 2594 su·
1526 2542 1527 2555 ³

289 2631 419 2710 stinere,
443 2636 476 2698 et
498 2655 563 2699 non
585 2638 838 2700 commoveretur
860 2636 899 2700 ed
921 2636 1170 2700 subveniendum
1193 2656 1264 2700 cum
1287 2634 1354 2698 suis
1379 2635 1444 2700 ele·

287 2738 417 2804 mosinis
440 2739 502 2804 hiis
524 2739 678 2805 fratribus
701 2741 735 2805 in
752 2745 942 2824 paupertate
968 2745 1000 2806 et
1015 2741 1202 2806 necessitate
1217 2739 1407 2806 constitutis
1423 2739 1442 2803 ¹.

286 2893 294 2910 .
319 2893 326 2908 .
352 2895 359 2910 .
384 2842 411 2908 Ο
434 2867 490 2911 vos
512 2867 630 2927 omnes,
655 2846 710 2931 qui
734 2847 882 2913 militatis
905 2848 963 2912 sub
986 2846 1104 2912 vexillo
1128 2845 1230 2912 crucis
1253 2843 1389 2924 Christi,
1412 2848 1444 2910 et

286 2949 341 3034 qui
367 2951 532 3034 quiescitis
553 2951 613 3016 snb
636 2951 697 3016 alis
719 2957 829 3016 sancte
851 2951 965 3016 metris
988 2951 1117 3016 ecclesie
1133 2971 1272 3029 romane,
1295 2950 1440 3015 conside-
1526 3042 1527 3045 Ἴ

286 3060 355 3121 rate
377 3061 494 3136 mente,
519 3057 654 3140 recipite
677 3057 787 3136 corde,
811 3056 943 3140 aspicite
966 3061 999 3120 et
1021 3055 1113 3121 oculo
1136 3053 1295 3139 corporali
1319 3058 1440 3120 terram

285 3164 318 3224 et
341 3161 504 3227 civitatem
527 3167 684 3240 vestram,
717 3163 859 3246 precioso
881 3162 1036 3247 sanguine
1059 3161 1154 3226 lhesu
1178 3159 1319 3238 Christi,
1344 3159 1441 3224 vestri
1526 3200 1527 3215 2

285 3266 505 3350 redemptoris,
529 3287 690 3350 aspersam
714 3270 746 3332 et
768 3267 1016 3345 sanctificatam,
1051 3267 1178 3351 iamque
1209 3287 1265 3348 per
1288 3265 1440 3330 ducentos

285 3375 318 3436 et
340 3371 506 3456 octaginta
539 3377 571 3436 et
604 3376 669 3437 tres
699 3393 798 3438 annos
825 3373 999 3456 aperfidis
1022 3370 1205 3438 Sarracenis
1238 3374 1270 3434 et
1292 3370 1440 3453 pessimis

285 3476 434 3542 hereticis
450 3497 624 3560 possessam
647 3483 680 3542 et
696 3478 925 3556 conculcatam,
948 3499 1023 3562 ymo
1046 3479 1087 3542 ab
1102 3475 1285 3542 infidelibus
1307 3476 1440 3540 canibus

285 3582 442 3667 quottidie
458 3583 595 3664 fedatur,
619 3585 807 3668 conspuitur
830 3587 862 3648 et
882 3583 1045 3647 deridetur
1067 3583 1099 3646 in
1116 3585 1300 3666 despectum
1317 3577 1437 3644 Christi
1526 3648 1527 3681 ;

282 3695 315 3752 et
337 3689 437 3752 sancti
455 3689 593 3754 nominis
615 3690 793 3757 christiani.
843 3689 1011 3754 Accurrite
1026 3687 1195 3754 defendere
1211 3687 1364 3750 honorem
1389 3683 1436 3748 dei

281 3793 398 3872 vestri,
421 3793 570 3859 festinate
596 3795 733 3860 liberere
757 3795 964 3860 hereditatem
989 3799 1144 3873 vestram,
1177 3791 1317 3858 accedite
1334 3788 1436 3858 ,confi-

281 3900 393 3964 denter
423 3901 581 3982 expellere
613 3901 701 3966 iores
735 3922 828 3966 canes
851 3901 1046 3979 immundos,
1075 3905 1108 3963 et
1130 3897 1275 3964 dominus
1297 3897 1361 3960 erit
1382 3915 1435 3959 vo·

280 4004 412 4070 hiscum.
458 4004 598 4070 Incedite
623 4028 681 4091 pro
705 4006 828 4072 viribus
844 4005 959 4071 vestris
975 4004 1111 4088 vestigia
1134 4001 1323 4068 nobilissimi
1348 3999 1435 4085 prin·

280 4109 359 4193 cipis
383 4109 549 4175 Godofridi
573 4111 611 4174 de
635 4109 808 4196 Blilheym,
831 4116 863 4176 et
886 4111 927 4176 ob
951 4131 1092 4175 amorem
1116 4109 1232 4188 lhesu,
1264 4128 1323 4192 pro
1345 4105 1435 4170 nobis

869 4255 888 4291 st

351 4357 363 4408 l
384 4341 459 4410 llber
476 4355 528 4411 das
546 4354 627 4410 leben
645 4355 695 4410 der
713 4353 864 4411 Minoriten
887 4354 918 4410 in
937 4353 1095 4410 Jerusalem
1117 4352 1174 4424 agl.
1194 4349 1346 4408 hewnders
1363 4346 1432 4414 ena-

280 4460 360 4499 resm.
379 4443 401 4510 1,
421 4446 470 4500 170
490 4445 532 4498 bis
551 4444 612 4501 206.
