3062 4938
638 327 677 392 11

93 505 180 570 vultis
201 505 332 572 lacere?
365 503 460 572 Nihil
480 506 577 571 timeo
600 506 661 570 nisi
686 505 835 570 iniuriam
859 510 892 570 et
914 503 1112 584 violentiam,
1136 527 1229 590 quam

91 631 176 695 spero
199 609 279 674 mihi
303 633 367 676 non
392 611 566 676 inferetis<
614 610 789 676 Dixerunt:
821 608 971 676 vNullam
996 609 1147 674 habemus
1173 631 1231 674 neo

93 715 263 781 audivimus
285 717 349 782 nisi
371 715 471 796 illem,
495 717 578 802 quod
595 716 792 801 impetrastis
814 717 976 781 licentiam
999 715 1133 780 exeundi
1157 735 1231 799 pro-

92 821 232 900 vinciam,
255 825 288 886 et
311 843 370 904 per
393 821 452 888 hoc
472 822 556 887 datis
579 826 611 887 et
634 823 706 886 eliis
724 821 880 887 fratribus
895 821 1088 887 occasionem
1112 825 1145 884 et
1167 819 1232 884 lor-

93 949 169 991 mom
192 925 360 992 exeundi«.
407 926 583 1012 Respondi:
610 927 698 1012 »Ego
720 927 780 992 leci
804 949 863 1012 pro
883 926 986 991 salute
1008 925 1111 989 anime
1134 946 1234 990 mee«.

93 1031 131 1096 Et
151 1036 228 1096 tunc
251 1031 487 1098 intermediavit
515 1053 549 1096 se
579 1032 778 1098 dulcissimus
800 1031 911 1096 ihesus
940 1035 972 1095 et
995 1029 1132 1094 reddidit
1155 1028 1234 1092 mihi

94 1141 162 1221 post
183 1136 289 1202 multa
303 1137 444 1202 finaliter
460 1137 628 1203 benevolos
644 1137 793 1222 prelatos,
817 1137 872 1222 qui
895 1158 945 1202 me
968 1157 1032 1200 non
1047 1133 1148 1199 solum
1173 1154 1235 1218 pye

94 1241 289 1322 dimiserunt,
312 1242 365 1306 sed
388 1243 483 1308 etiam
508 1243 644 1308 vicarius
660 1243 813 1326 prefatus,
836 1243 954 1308 electus
976 1262 1033 1325 per
1048 1259 1234 1304 eonsensum

95 1353 218 1432 patrum
234 1347 456 1428 diffinitorum,
479 1349 589 1414 littera
604 1348 768 1429 licentieli,
792 1349 867 1414 licet
887 1347 1074 1433 aliqualiter
1096 1345 1129 1408 in
1144 1344 1235 1407 dero'·

95 1452 250 1537 gationem
274 1475 343 1517 mee
357 1453 471 1538 gratis,
494 1475 546 1518 me
561 1455 705 1519 munivit.
752 1455 813 1520 sed
829 1455 970 1519 litteram
986 1453 1123 1519 eiusdem
1147 1469 1235 1533 sper·

96 1579 165 1622 nere
188 1557 289 1637 nolui,
312 1559 365 1624 sed
388 1580 459 1624 cum
483 1560 664 1626 testimonio
688 1566 720 1625 et
740 1560 971 1645 protestatione
994 1563 1027 1623 et
1049 1557 1145 1622 salvis
1161 1553 1238 1618 meis

97 1663 215 1727 iuribus
239 1668 273 1726 et
295 1663 410 1748 gratiis
432 1665 615 1749 apostolicis
638 1667 752 1750 recepi.
799 1664 895 1730 Cuius
918 1665 1027 1730 littere
1050 1667 1141 1728 tenor
1164 1659 1238 1724 talis

95 1775 152 1833 est:
178 1765 235 1832 »ln
252 1766 382 1834 Christo
395 1770 457 1834 sibi
473 1771 635 1836 carissimo
658 1771 753 1836 fratri
770 1769 869 1835 Poulo
886 1768 1110 1854 Guglingcnsi,
1133 1786 1235 1830 sacer·

96 1873 158 1938 doti
181 1873 304 1938 ordinis
327 1875 537 1954 observantie,
561 1895 619 1958 per
641 1875 836 1958 provinciam
858 1875 1071 1960 argentinam
1093 1869 1239 1936 commis·

96 1979 194 2044 sarius
216 1979 378 2064 generalis
399 2000 520 2045 necnon
544 1979 663 2044 electus
684 1981 821 2046 vicarius
850 1999 1041 2065 quamquam
1065 1973 1241 2040 immeritus

96 2083 228 2150 salutem
252 2089 287 2150 et
301 2107 411 2168 pacem
433 2087 467 2150 in
483 2087 612 2151 domino
627 2089 767 2170 semper!
812 2084 891 2150 Cum
914 2081 1148 2150 assuetissima
1168 2078 1242 2143 esde

97 2189 270 2274 apostoliea
293 2212 350 2274 per
365 2192 621 2258 intercessionem
641 2192 778 2256 illustris
802 2191 956 2275 principis
978 2195 1010 2254 et
1032 2185 1163 2264 domini,
1185 2183 1241 2247 do·

97 2296 170 2360 mini
194 2294 354 2379 Philippi,
377 2297 514 2381 palatini
537 2297 618 2361 Reni
641 2301 673 2361 et
696 2297 784 2362 ducis
806 2295 939 2360 Bavarie
962 2314 1083 2360 necnon
1108 2296 1140 2354 et
1161 2287 1242 2353 sacri

98 2401 215 2466 romani
239 2401 368 2485 imperii
396 2402 624 2486 archidepileri
658 2424 695 2468 oc
716 2402 873 2486 principis
896 2399 1052 2480 electoris,
1084 2393 1241 2481 quandam

97 2505 257 2571 licentiam
273 2507 505 2590 impetraveris,
527 2513 565 2572 ut
587 2531 676 2573 sacra
699 2508 768 2572 loce
784 2506 1001 2572 lherosolimis
1024 2503 1160 2568 invisere
1183 2519 1243 2582 pro

97 2617 150 2676 tua
171 2612 342 2678 devotione
364 2614 482 2697 possis,
513 2614 589 2679 hinc
611 2620 675 2692 est,
706 2613 789 2698 quod
812 2619 845 2678 te
867 2613 930 2697 piis
951 2608 1115 2676 favoribus
1136 2624 1244 2688 prose·

98 2717 221 2801 quondo
244 2721 373 2802 patmm
390 2718 603 2784 diffinitorum
629 2718 763 2802 capituli
784 2713 1062 2800 Heidelbergensis
1083 2707 1246 2796 provincie

100 2823 221 2905 prefate
245 2823 377 2888 consilio
401 2824 433 2888 in
466 2824 524 2889 hac
546 2829 638 2908 parte
662 2823 821 2902 suffultus,
845 2841 986 2887 annuens
1016 2817 1078 2883 tibi
1100 2812 1246 2890 concedo,

100 2931 256 3010 quatenus
278 2949 348 2994 cam
372 2930 457 2995 socio
479 2934 544 3010 tuo,
567 2929 628 2994 tibi
644 2929 798 3012 deputato
821 2949 878 3012 per
900 2949 960 3006 me,
983 2921 1153 3009 prehabita
1175 2937 1246 2983 cunr

100 3029 228 3096 lieentia
250 3035 443 3116 presentiam
469 3031 719 3099 reverendissimi
743 3032 845 3116 patrie
861 3029 1019 3117 generalis
1035 3027 1247 3092 cismontano-

101 3137 196 3202 rum¹
230 3138 375 3222 partium
407 3140 495 3204 adire
524 3139 629 3224 prima
650 3139 870 3222 oportunitate
903 3135 1024 3215 valeas,
1055 3129 1248 3197 'desiderium

101 3247 202 3323 tuum,
226 3244 310 3329 quod
327 3245 360 3308 in
384 3249 416 3309 te
430 3251 585 3325 versatur,
608 3244 692 3328 opud
707 3245 840 3309 eundem
857 3241 1082 3326 completurus,
1104 3237 1150 3301 sic
1165 3234 1249 3320 quod

101 3347 290 3432 provinciali
322 3354 429 3416 nostre
455 3349 697 3434 congregationi
728 3348 871 3432 proxime
900 3340 1113 3412 celebranda²
1135 3361 1248 3406 conve-

103 3456 227 3522 nienter
256 3456 290 3522 in
320 3457 471 3522 meritum
493 3456 673 3522 obedientie
702 3453 851 3518 salutaris
886 3455 1040 3517 interesse
1069 3447 1250 3526 contendas,

104 3561 181 3626 dans
203 3561 264 3626 tibi
279 3563 498 3626 testimonium
519 3561 689 3646 probitatis
705 3559 885 3625 omnimode
900 3557 984 3643 apud
1000 3575 1108 3620 omnes
1130 3555 1163 3618 et
1185 3552 1250 3615 ein·

104 3667 196 3752 gulos
216 3666 355 3733 maxime
370 3667 491 3731 ordinis
506 3666 606 3732 nostri
624 3669 730 3748 petros
752 3668 785 3729 et
799 3664 926 3742 iratres,
943 3661 1026 3745 apud
1051 3679 1130 3744 quos
1153 3657 1251 3722 deeli-

106 3773 208 3838 naudo
230 3771 474 3856 comparaveris,
497 3792 576 3856 quos
599 3769 697 3836 etism
718 3772 849 3854 rogatos
872 3768 965 3848 facio,
988 3769 1025 3830 ut
1046 3765 1108 3829 tibi
1131 3764 1165 3827 iu
1187 3761 1252 3826 tuis

107 3879 347 3944 necessitatibus
370 3877 546 3943 christiano
575 3899 664 3943 more
696 3877 867 3962 dignanter
889 3873 1057 3938 subvenire
1087 3869 1188 3935 velint
1221 3869 1253 3929 et

107 3984 288 4068 dignentur.
324 3982 402 4048 Vale
418 3984 452 4046 in
468 3981 596 4048 Christo
611 3981 706 4047 Ihesu
724 3979 772 4068 [ρ.
789 3981 823 4064 6]
840 3984 871 4045 et
886 4001 942 4044 ora
958 3999 1016 4062 pro
1032 3977 1099 4040 me!
1134 3972 1252 4035 Datum

108 4089 141 4152 in
164 4091 321 4154 conventu
343 4092 453 4152 nostro
469 4085 740 4174 Heydelbergensi
763 4085 889 4170 prelato
912 4085 946 4148 in
969 4081 1082 4165 vigilia
1100 4079 1253 4158 Assump-

110 4193 205 4258 tionis
225 4193 317 4259 beate
340 4197 372 4259 et
394 4193 513 4260 intecto
535 4193 671 4278 virginis
695 4191 796 4256 Merie
820 4189 875 4276 [14
898 4183 998 4274 Aug]
1028 4205 1111 4248 anno
1135 4179 1253 4246 domini

669 4318 688 4354 'k

185 4423 195 4475 1
216 4420 280 4494 Vgl.
298 4422 315 4476 9
333 4435 407 4475 enm.
426 4419 452 4474 2.
557 4415 783 4474 celebrandae.
