3054 4944
634 367 698 432 309

87 543 207 608 ibidem
233 543 334 626 passi,
368 543 527 608 occurrite
559 541 714 606 tratribus
739 541 903 606 tribulatis
939 547 971 607 et
1004 544 1037 608 in
1060 546 1249 627 paupertate

89 647 288 712 constitutis,
337 648 377 712 Et
399 647 426 712 si
450 669 513 713 non
538 648 630 713 modo
646 648 790 731 personis
812 653 917 714 tamen
934 649 1049 714 vestris
1069 650 1248 714 elemosinis

91 753 241 817 redimite
258 758 513 837 peccatorestra,
529 753 712 818 efficiamini
724 753 899 839 participes
916 755 1075 838 passionis
1090 760 1122 820 et
1137 755 1249 820 mortis

89 857 187 923 lhesu
211 857 332 924 Christi
365 880 403 925 ac
431 856 475 946 [p.
501 858 582 946 365]
610 861 763 924 bonorum
787 881 921 943 operum
943 859 1100 940 fratrum,
1132 859 1248 925 ibidem

91 985 151 1048 pro
173 968 244 1029 tota
273 965 405 1030 eeclesia
432 965 637 1029 existentium
669 969 702 1029 et
725 965 951 1031 laborantium.
998 963 1084 1031 Nam
1108 965 1248 1044 indubie,

89 1069 176 1153 quod
199 1069 276 1133 deus
299 1073 441 1149 avertat,
470 1070 496 1133 si
521 1069 637 1134 fratres
660 1069 797 1134 minores
830 1070 868 1134 de
891 1074 977 1135 terra
1000 1070 1248 1155 expellerentur,

90 1174 232 1258 amplius
255 1195 318 1239 non
340 1175 465 1260 patebit
487 1175 539 1240 rel
554 1174 729 1240 dificillime
744 1176 850 1240 aditus
865 1177 1054 1260 peregrinis,
1078 1177 1133 1262 qui
1156 1175 1249 1240 modo

90 1303 151 1365 per
174 1281 291 1346 iratres
312 1283 522 1362 adiuvantur,
554 1283 787 1361 defenduntur,
813 1283 1019 1363 nutriuntur,
1043 1281 1249 1366 hospitantur

90 1391 124 1452 et
148 1387 268 1452 infirmi
291 1388 454 1473 peregrini
477 1387 617 1452 fideliter
640 1387 808 1452 medentur
842 1409 880 1452 ex
904 1388 1086 1453 elemosinis
1119 1386 1249 1452 christi-

90 1493 245 1560 fidelium.
292 1492 422 1558 Habent
454 1494 550 1559 etiam
585 1493 701 1559 fratres
725 1493 892 1576 providere
927 1493 965 1557 de
988 1491 1169 1557 elemosinis
1205 1490 1249 1555 eis

89 1603 207 1682 sponte
218 1599 335 1664 oblatis
346 1635 383 1647 -
396 1598 478 1664 nihil
491 1599 607 1664 enima
623 1599 801 1684 peregrinis
817 1598 993 1683 postulant,
1004 1601 1250 1681 quantacunque

92 1706 191 1769 etiam
207 1704 331 1770 faciunt
353 1705 408 1784 eis,
431 1705 484 1770 sed
500 1706 706 1770 committunt
726 1704 947 1770 devotionibus
964 1724 1083 1783 eorum,
1107 1707 1140 1767 et
1155 1701 1248 1786 quid-

89 1811 169 1894 quid
192 1811 270 1874 dant
292 1814 425 1892 sponte,
460 1815 552 1895 grate
575 1810 737 1894 accipiunt
759 1847 802 1858 —
825 1814 859 1874 et
891 1809 997 1894 primo
1020 1808 1250 1874 monasterium

90 1915 231 1980 fratrum
254 1915 415 1980 minorum
438 1914 476 1978 de
491 1915 694 1980 observantia
723 1915 755 1978 in
779 1919 887 1979 monte
909 1912 994 2000 Syon
1017 1935 1081 1977 una
1104 1901 1173 1978 cuin
1199 1933 1249 1976 ec-

91 2020 191 2084 clesia
213 2025 322 2083 tenere
345 2019 378 2082 in
402 2020 484 2084 bono
508 2041 591 2099 esse,
625 2023 658 2084 et
689 2019 768 2083 inibi
791 2018 909 2103 viginti
933 2021 1071 2103 quatuor
1094 2015 1250 2080 fratribus

91 2125 127 2189 in
150 2125 299 2190 omnibus
321 2125 563 2190 necessitatibus
585 2125 766 2209 providere,
791 2129 824 2190 et
847 2123 879 2188 in
904 2123 1012 2189 eodem
1037 2123 1106 2188 loco
1129 2120 1158 2186 Χ
1182 2143 1248 2186 am·

92 2230 187 2314 pulaa
209 2229 279 2294 oleo
302 2229 435 2310 nutrire,
460 2235 492 2294 et
514 2229 618 2294 trihus
641 2230 739 2295 asinis
761 2231 796 2294 in
813 2229 1055 2295 necessitatibus
1070 2227 1248 2313 providere.

89 2335 236 2402 Secundo
268 2334 424 2418 templum
459 2335 610 2400 dominici
650 2335 809 2420 sepulchri
840 2335 960 2400 habent
995 2335 1028 2398 in
1066 2335 1148 2399 hono
1180 2353 1247 2396 csse

92 2461 293 2520 conservare,
323 2439 402 2504 inibi
426 2439 546 2504 duobus
569 2438 724 2504 fratribus
747 2439 897 2505 continue
922 2439 1052 2504 inclusis
1084 2438 1118 2503 in
1141 2458 1249 2502 neces·

91 2545 245 2610 sitatibus
272 2544 450 2629 providere,
474 2545 579 2610 decem
603 2543 748 2629 ampulas
771 2565 842 2609 cum
866 2544 937 2610 oleo
961 2543 1095 2609 nutrire.
1138 2541 1249 2607 Tertio

92 2649 252 2735 templum
277 2651 367 2715 beate
391 2649 492 2714 Marie
515 2649 651 2734 virginis
685 2647 718 2714 in
744 2648 931 2714 Bethlehem
956 2654 988 2714 et
1023 2649 1114 2714 iuxta
1143 2653 1247 2732 temp-

89 2757 161 2822 lum
194 2755 422 2820 monasterium
454 2755 590 2820 fratrum
626 2754 659 2818 in
695 2774 761 2820 esse
783 2775 980 2836 conservare,
1003 2754 1084 2819 inihi
1108 2753 1250 2839 quinquo

90 2863 142 2928 rel
179 2882 235 2925 sax
269 2857 423 2924 fratribus
457 2858 490 2922 in
528 2859 675 2923 omnibus
714 2859 955 2924 necessitatibus
996 2858 1180 2942 providere,
1215 2859 1248 2922 in

91 2967 204 3034 eodem
229 2963 351 3049 templo
388 2967 422 3029 et
444 2965 636 3029 monasterio
659 2963 706 3028 XI
729 2965 875 3048 ampulas
903 2987 973 3029 cum
1007 2965 1078 3030 oleo
1112 2965 1247 3030 nutrire.

93 3071 219 3150 Quarto
255 3069 374 3136 habent
396 3073 504 3153 patres
536 3068 670 3150 domum]
695 3091 872 3153 pauperum
906 3089 1050 3134 sororum
1084 3091 1121 3134 ac
1155 3069 1249 3132 devo·

94 3183 203 3244 tarum
238 3173 439 3240 dominarum
473 3193 536 3236 nou
569 3172 664 3258 longe
698 3195 717 3238 a
748 3173 943 3239 monasterio
965 3174 1084 3240 montis
1107 3171 1194 3260 Syon
1217 3173 1250 3238 in

92 3283 178 3348 bono
209 3301 277 3346 esse
307 3299 512 3357 conservare,
545 3277 623 3342 inibi
656 3278 798 3362 quinque
828 3279 991 3344 sororibus
1021 3279 1053 3344 in
1080 3279 1250 3344 necessita·

95 3388 184 3453 tibus
207 3384 343 3450 maxime
357 3384 461 3450 rictus
483 3382 659 3467 providere,
685 3388 718 3448 et
740 3383 858 3449 ibidem
882 3405 977 3448 unam
994 3383 1156 3468 ampulam
1179 3405 1251 3448 cum

93 3492 163 3558 oleo
198 3490 323 3554 nutrire
342 3489 362 3554 ¹.
409 3489 450 3553 Et
481 3489 552 3574 quis
584 3489 746 3555 estimabit
779 3489 984 3556 elemosinam
1013 3489 1251 3574 expendendam

95 3595 335 3663 conservatione
359 3600 497 3680 quatuor
519 3595 783 3660 monasteriorum
817 3599 850 3660 et
883 3617 942 3680 pro
973 3595 1121 3661 omnibus
1143 3595 1251 3680 requi·

95 3701 166 3768 sitis
199 3700 239 3768 ad
271 3700 377 3766 eadem
411 3701 595 3766 necessariis
628 3704 662 3766 et
690 3723 749 3786 pro
772 3701 919 3767 omnibus
943 3702 1185 3768 necessitatibus
1209 3701 1249 3764 37

94 3827 305 3894 personarum
328 3809 394 3872 tam
417 3806 450 3870 in
472 3807 561 3872 victu
584 3827 680 3890 quarn
703 3807 736 3870 in
760 3806 898 3888 amictu,
931 3829 1003 3874 cum
1033 3805 1117 3872 nihil
1139 3827 1197 3889 per
1220 3826 1252 3869 se

166 4001 179 4056 1
201 3996 282 4052 Nach
301 3996 409 4053 Tucher
428 3997 480 4054 353
508 3997 564 4052 und
583 3931 726 4054 enucleo
754 4015 813 4053 war
837 3997 910 4054 auch
933 3997 964 4053 in
981 3996 1078 4052 Beirnt
1103 3997 1148 4052 ein
1167 3995 1252 4050 Fran·

95 4085 335 4144 dscanerhloster.
371 4081 407 4142 So
425 4101 534 4155 geuene
549 4085 680 4156 angebeu
700 4085 769 4142 uber
787 4085 833 4142 die
845 4085 947 4142 anzahl
967 4085 1024 4140 und
1039 4083 1188 4140 besonders
1207 4083 1252 4138 die

97 4174 242 4248 ausgahen
261 4173 311 4228 der
329 4171 440 4238 brtder,
460 4174 512 4230 uie
531 4174 712 4231 sieWslther
731 4174 791 4230 hier
811 4174 897 4244 gicht,
920 4173 1016 4228 durfte
1035 4172 1120 4228 haum
1138 4171 1184 4226 ein
1204 4187 1251 4226 an·

98 4263 178 4320 darer
205 4261 299 4334 pilger
325 4261 427 4318 haben.
463 4251 538 4318 llber
565 4263 611 4318 die
631 4263 847 4320 verschiadeneu
876 4261 1026 4332 religiosor
1044 4257 1250 4324 bekanntnisse,

96 4351 200 4408 welche
218 4349 414 4420 gegenwsnig
432 4349 463 4405 in
481 4349 628 4408 Palestina
646 4350 703 4406 ond
723 4350 871 4408 besonders
890 4351 921 4406 in
939 4349 1095 4404 Jerusalem
1109 4350 1250 4404 vestrates

95 4439 166 4504 sind,
185 4455 209 4496 s.
229 4437 314 4492 Bcad.
333 4437 392 4494 cxl
411 4437 440 4494 n.
458 4439 516 4494 und
535 4440 590 4496 Des
610 4439 648 4495 hl.
660 4437 748 4504 hand,
770 4439 837 4496 1878
856 4457 882 4510 p.
903 4439 952 4494 109
973 4435 1016 4492 bis
1037 4435 1093 4492 121.
