3054 4942
651 351 714 420 239

107 530 188 598 iectu
203 528 402 597 victualium.
450 527 490 595 Et
505 531 581 596 dum
595 531 743 595 stetimus
758 531 803 595 sic
819 530 852 595 in
870 553 961 616 aqua,
977 535 1133 598 venerunt
1148 531 1256 617 plures

106 660 198 704 nares
222 643 336 702 onusto
358 643 431 720 post
453 657 520 714 nos,
544 658 605 720 que
629 637 726 699 ctiam
748 637 782 699 in
806 637 948 718 periculo
966 642 1126 702 steterunt
1149 642 1256 704 nobis-

105 767 175 810 cum
194 743 215 808 ¹.
262 745 346 808 Item
362 743 442 807 feria
458 742 570 826 quinta
586 747 661 804 ante
677 739 815 804 Simonis
838 747 870 805 et
884 740 965 806 Jude
990 740 1049 827 [23
1065 741 1148 829 Oct]
1165 769 1257 812 mane

105 851 187 914 circa
211 853 318 914 ortum
334 847 459 912 luciferi
480 848 619 914 contulit
635 849 782 912 dominus
799 849 914 913 bonurn
933 853 1072 930 ventum,
1097 860 1129 916 et
1151 861 1256 918 erecto

105 957 172 1020 selo
195 957 287 1019 duxit
316 977 373 1020 nos
395 954 526 1018 fortiter
549 957 656 1033 extra,
689 959 722 1018 et
753 955 798 1017 sic
821 955 976 1018 evasimus
999 955 1043 1019 ibi
1067 957 1254 1040 periculum.

105 1060 144 1126 111
167 1062 295 1126 demum
318 1061 402 1124 circa
424 1081 540 1124 nonam
564 1059 709 1123 venimus
731 1058 770 1122 ad
794 1065 922 1141 portum
947 1058 1017 1124 Nili
1030 1059 1054 1140 ²,
1078 1065 1110 1126 et
1132 1064 1178 1126 ibi
1201 1066 1255 1128 de-

105 1167 267 1249 posuimus
282 1187 391 1230 omner
415 1187 464 1230 res
487 1166 525 1228 de
548 1187 627 1228 nave
650 1165 687 1227 ad
705 1164 792 1227 litus.
839 1163 879 1226 Et
895 1173 1003 1245 nauta,
1028 1189 1169 1250 paganus
1185 1191 1255 1251 pes-

104 1273 212 1349 simos,
236 1271 372 1334 retinnit
387 1269 510 1354 aliquas
533 1292 583 1334 res
611 1269 811 1334 dominorum
833 1270 943 1334 nolens
959 1275 1042 1348 dare,
1066 1275 1127 1337 nisi
1140 1296 1255 1340 novum

104 1379 242 1460 pretium
266 1377 396 1440 daretur
417 1377 479 1440 sibi
502 1379 541 1440 de
564 1377 656 1440 rebus
680 1377 798 1452 ductis,
834 1376 996 1461 inquiens:
1032 1377 1120 1462 »Ego
1153 1382 1255 1446 solum

105 1483 245 1564 pretium
269 1481 348 1546 milri
372 1482 480 1545 datum
504 1481 611 1562 recepi
633 1501 692 1563 pro
709 1481 861 1562 personis,
886 1503 963 1574 quas
986 1483 1030 1546 sic
1054 1485 1199 1565 conduxi,
1224 1491 1256 1552 ct

106 1609 166 1652 non
194 1609 271 1652 res«.
319 1585 399 1651 Eece
423 1585 525 1670 qualis
559 1586 725 1668 deceptor!
761 1583 802 1648 Et
835 1605 904 1648 cunr
941 1587 994 1650 diu
1027 1589 1254 1673 disceptarunt,

105 1693 247 1756 finaliter
269 1693 440 1775 oportebat
463 1691 492 1754 ei
514 1691 589 1755 dare
613 1691 754 1775 quinque
775 1691 928 1769 medinm,
952 1695 989 1756 ut
1006 1694 1184 1760 dimitteret
1206 1719 1255 1761 res

104 1799 142 1862 de
163 1819 253 1862 nare.
302 1797 342 1861 Et
374 1798 414 1862 ab
436 1797 493 1860 illa
523 1796 602 1860 hora
625 1817 725 1879 usque
757 1795 794 1858 ad
819 1796 972 1860 decimam
995 1798 1107 1864 horem
1131 1801 1255 1864 labora-

105 1909 220 1967 verunt
242 1902 361 1967 domini
387 1922 445 1984 pro
467 1901 604 1980 camelis,
628 1905 661 1963 et
684 1899 769 1964 facto
793 1905 887 1983 pacto
911 1903 1132 1983 productione
1157 1927 1255 1990 usqne

103 2011 141 2072 ed
166 2009 393 2073 Alexandriam
422 2007 483 2090 ipsi
516 2005 614 2070 Arabi
645 2006 809 2070 irruerunt
839 2006 871 2068 in
906 2015 1031 2071 nostras
1062 2031 1128 2089 rea,
1158 2033 1255 2076 unus·

105 2113 240 2199 quisque
254 2114 359 2178 voluit
382 2111 497 2176 habere
513 2115 636 2195 partem
659 2113 692 2174 et
707 2111 820 2174 ducere
844 2111 876 2174 in
899 2133 956 2176 suo
972 2115 1102 2192 camelo,
1127 2123 1159 2180 et
1180 2139 1254 2201 per·

104 2225 270 2284 euaserunt
299 2240 332 2282 se
356 2223 484 2294 mutuo,
516 2219 548 2280 et
569 2237 697 2286 eramus,
723 2217 840 2280 iterum
871 2215 905 2279 in
935 2219 1074 2284 maximo
1103 2223 1255 2304 periculo.

56 2395 62 2402 ‚
105 2323 146 2388 Et
168 2325 254 2389 facte
277 2345 354 2407 pace
369 2322 543 2406 incepimus
565 2322 637 2399 iter,
662 2324 694 2386 et
716 2341 779 2385 non
801 2327 892 2385 erant
915 2323 947 2387 in
965 2329 1060 2406 portu
1083 2327 1164 2390 asini
1187 2349 1255 2392 om·

105 2429 199 2494 nibus
222 2450 281 2512 pro
304 2429 461 2512 equitata,
485 2449 582 2513 quare
605 2428 776 2510 oportebat
805 2427 851 2491 ire
873 2449 931 2511 per
953 2429 1048 2511 pedes
1071 2433 1200 2496 comites
1223 2437 1256 2497 et

105 2535 223 2600 milites
246 2555 319 2599 cnm
343 2555 459 2617 magno
486 2533 594 2598 labore
616 2533 736 2616 absque
766 2532 837 2596 cibo
867 2539 899 2597 et
921 2540 1001 2616 potu
1031 2557 1088 2619 per
1110 2539 1172 2601 tria
1195 2539 1254 2602 mi-

105 2641 197 2704 liaria
220 2639 397 2707 alemanico
411 2638 434 2704 ⁸.
480 2639 521 2702 Et
545 2639 634 2706 circa
657 2637 767 2702 horam
791 2639 960 2702 secundam
993 2647 1067 2722 post
1090 2645 1254 2709 meridiem

103 2750 310 2810 occurrerunt
341 2743 432 2808 nobis
462 2743 496 2808 in
518 2741 647 2808 media*
681 2743 714 2805 in
744 2763 807 2806 uno
831 2744 958 2808 cumulo
988 2747 1065 2810 bene
1088 2750 1255 2834 sexaginta

102 2850 216 2914 cameli
239 2849 359 2913 domini
382 2848 523 2928 soldani,
548 2869 683 2932 quorum
706 2846 788 2910 servi
813 2847 981 2928 dixerunt,
1010 2872 1043 2914 se
1066 2852 1183 2918 habere
1206 2857 1255 2918 ius

102 2955 237 3020 ducendi
261 2976 310 3018 rea
327 2954 581 3037 peregrinorum,
604 2963 636 3018 et
658 2974 730 3017 cum
745 2952 855 3018 furore
877 2956 1040 3020 irruerunt
1062 2959 1095 3022 in
1119 2961 1254 3026 camelos

105 3068 230 3126 nostros
255 3066 287 3124 et
311 3060 526 3143 deposnerunt
549 3081 608 3138 res,
631 3061 664 3122 et
687 3066 910 3141 percusserunt
933 3083 965 3124 se
988 3063 1103 3126 iterum
1128 3069 1253 3140 mutu03

103 3173 172 3232 erat
187 3165 348 3250 posterius
364 3164 541 3246 periculum
563 3163 653 3247 peius
677 3163 787 3246 priori.
834 3163 984 3245 Tandem,
1008 3173 1043 3231 ut
1068 3169 1255 3236 haberemus

101 3294 222 3356 pacem,
247 3270 366 3335 domini
383 3270 544 3354 peregrini
566 3269 720 3332 dederunt
744 3270 879 3334 medium
897 3271 1043 3336 ducatum
1068 3275 1166 3340 servis
1191 3277 1254 3340 sol-

100 3379 184 3456 dani,
210 3381 241 3440 et
264 3376 309 3439 sic
325 3377 531 3450 recesserunt,
555 3380 586 3437 et
609 3375 748 3438 oneratis
767 3375 883 3437 nostris
906 3377 1018 3456 primis
1034 3380 1162 3443 camelis
1185 3405 1252 3446 am-

101 3482 281 3548 bulavimus
313 3480 345 3543 in
381 3501 458 3563 pace
479 3501 579 3563 usqne
613 3481 651 3543 ad
677 3480 914 3544 Alexandriam.
960 3481 1002 3546 Et
1032 3485 1104 3547 duni
1130 3507 1254 3549 eramus

100 3591 139 3652 ab
162 3587 243 3652 urbe
266 3585 304 3649 ad
329 3607 427 3650 unum
450 3585 584 3664 miliare,
609 3585 655 3668 [p.
676 3585 753 3666 110]
779 3587 924 3650 dominus
941 3585 1127 3654 Vernandus
1151 3613 1254 3655 comes

99 3693 212 3770 voluit,
236 3695 275 3754 ut
298 3689 475 3774 equitarem
497 3689 530 3752 in
554 3690 688 3767 camele,
719 3693 752 3752 et
775 3691 926 3754 conduxit
949 3715 998 3756 me
1022 3715 1079 3776 pro
1103 3718 1165 3761 uno
1189 3721 1252 3760 me·

100 3799 183 3877 diuo,
208 3801 335 3860 etcum
360 3795 566 3858 ascendissem
592 3801 624 3858 et
647 3795 838 3878 equitassem
856 3797 1019 3862 duodecim
1044 3823 1163 3883 passus,
1187 3803 1254 3886 ipse

671 3919 687 3950 ff

170 4009 183 4061 l
204 4003 292 4059 Fabri
311 4003 359 4062 111.
382 4003 633 4059 1111111111111111
657 4003 702 4058 die
728 4023 816 4074 genae
835 4005 975 4062 missliohe
1001 4007 1077 4062 fahrt
1104 4008 1167 4062 sehr
1192 4025 1253 4062 aue-

99 4094 232 4149 lthrlich.
269 4091 360 4146 Ghist.
380 4093 430 4145 198
448 4095 513 4160 eagt
533 4109 586 4148 ron
605 4093 709 4148 diesem
728 4093 846 4149 kanale:
877 4095 926 4150 »de
953 4096 1029 4150 zelus
1049 4097 1164 4150 vaerten
1183 4096 1205 4148 is
1224 4113 1254 4150 so

98 4199 172 4238 scere
190 4183 253 4236 niet
273 4181 440 4249 ghewetert,
458 4179 569 4234 datmer
588 4183 646 4236 met
665 4183 784 4252 schepen
803 4183 833 4237 in
852 4184 939 4238 salide
958 4199 1078 4251 mognen
1091 4199 1185 4244 varen,
1205 4199 1253 4236 an·

97 4269 159 4325 dero
178 4269 239 4323 dan
268 4265 311 4321 als
340 4267 374 4322 do
394 4267 504 4322 Riuiere
530 4268 560 4322 in
587 4269 655 4323 haer
673 4287 778 4325 wassen
799 4271 847 4324 is«.
959 4269 1047 4322 azur
1065 4269 1253 4324 kanobischen

96 4357 258 4426 mundung.
363 4357 379 4409 3
398 4355 482 4410 Fabri
502 4356 550 4422 111,
572 4358 622 4410 110
640 4357 719 4427 giebt
743 4357 788 4414 die
810 4357 953 4413 ntmliche
971 4357 1095 4423 distant,
1120 4355 1165 4411 die
1183 4357 1255 4412 auch

94 4445 228 4502 ziomlioh
249 4440 353 4512 richtig
370 4443 414 4498 ist.
520 4447 538 4500 4
558 4443 613 4500 Via
631 4463 665 4499 an
684 4451 830 4518 engilmon.
