3056 4944
654 351 715 416 155

110 529 276 594 nobiscum
300 533 410 592 nostra
433 527 552 592 cibario
575 532 606 591 et
623 527 742 605 vinum,
768 527 850 610 quod
868 531 973 591 tamen
999 550 1061 592 non
1086 527 1200 592 bibunt
1223 549 1260 590 ex

108 634 179 718 lege
204 632 397 698 Machometi
414 632 434 697 ¹.
481 633 523 697 Et
553 633 621 716 ipso
653 631 729 698 fecit
752 655 923 717 preparare
957 654 1067 698 carnes
1099 637 1131 698 et
1160 633 1259 698 risum

109 762 167 824 pro
190 740 358 824 pulmento
382 737 476 804 nobis
499 760 558 822 pro
581 760 645 803 uno
667 739 803 822 prandio
826 739 863 802 de
886 739 951 803 auis
974 739 1172 822 sumptibus3
1203 759 1261 802 noa

111 867 184 910 vero
201 844 349 909 duximus
364 843 474 908 vinum
497 849 529 908 et
551 843 614 908 alia
631 844 841 910 comestibilia
856 846 1029 910 nobiscum.
1077 844 1261 928 ceperano

109 951 214 1035 primo
238 951 372 1032 prandio
395 950 464 1033 ipse
487 949 632 1014 adiunxit
655 950 746 1014 nobis
769 973 866 1014 unum
893 971 1052 1034 paganum
1076 971 1135 1033 pro
1157 949 1260 1014 salvo-

110 1055 319 1134 conductore,
344 1054 399 1138 qui
423 1053 561 1119 fideliter
583 1055 736 1120 conduxit
759 1077 815 1120 noe
839 1057 875 1120 ad
901 1057 1008 1121 omnia
1031 1055 1100 1120 loca
1122 1055 1261 1119 civitatis

109 1167 140 1224 et
163 1165 265 1224 extra.
311 1157 353 1223 Et
374 1160 479 1244 primo
501 1160 592 1224 duxit
620 1182 678 1224 noa
709 1161 747 1224 ad
771 1182 884 1244 agrum
909 1161 1104 1238 damasceni,
1134 1161 1167 1223 in
1198 1182 1260 1244 quo

110 1272 141 1330 et
173 1265 347 1329 decadem
380 1269 464 1329 terra
496 1267 626 1350 proprie
658 1266 734 1330 deus
765 1265 915 1332 formavit
938 1268 1076 1350 primum
1099 1265 1260 1330 hominem

110 1367 252 1436 Adam¹.
300 1370 342 1434 Et
371 1370 454 1436 idem
483 1393 559 1454 ager
589 1375 657 1435 erat
697 1370 754 1436 illa
784 1371 863 1437 hora
900 1375 1007 1436 aratus
1037 1372 1090 1436 sed
1120 1372 1260 1436 nondum

110 1475 296 1555 seminatus,
320 1477 352 1539 et
375 1478 423 1540 est
446 1476 478 1540 in
501 1475 585 1541 valle
607 1477 724 1541 Ebron.
774 1477 815 1541 Et
839 1478 871 1541 in
896 1477 1005 1541 eodem
1027 1497 1105 1562 agro
1130 1477 1260 1540 fuerunt

109 1581 164 1645 illa
187 1581 269 1646 hora
291 1581 353 1665 piri
377 1581 505 1647 circiter
521 1583 647 1667 viginti,
671 1605 750 1667 quos
773 1583 946 1662 numeravi,
969 1583 1075 1647 onusti
1098 1581 1188 1646 novis
1210 1581 1259 1665 pi-

111 1685 189 1751 ria⁸.
237 1686 278 1750 Et
302 1687 340 1751 de
364 1693 450 1751 terra
473 1687 611 1752 eiusdem
637 1689 707 1772 agri
732 1689 836 1773 recepi
861 1688 1018 1772 quandam
1041 1708 1186 1765 massam,
1209 1708 1259 1750 re-

111 1813 304 1876 cognoscens
326 1814 377 1856 me
393 1792 559 1856 humiliter
582 1796 614 1857 et
634 1815 742 1858 omnes
757 1793 911 1870 homines,
934 1795 1001 1856 tam
1018 1791 1139 1856 nobiles
1164 1813 1257 1875 quam

111 1896 279 1982 ignobiles,
305 1895 506 1982 originaliter
528 1899 699 1963 secundum
723 1920 848 1963 carnem
871 1899 909 1962 de
940 1897 999 1961 illa
1021 1901 1108 1960 terra
1129 1897 1259 1980 proprie

109 2003 301 2086 processisse
317 2024 374 2084 per
392 2003 666 2086 propagationem,
682 2003 889 2088 dicebamque
905 2002 1013 2087 aliqua
1029 2001 1125 2066 Pater
1141 2005 1258 2066 noster.

112 2105 147 2169 ln
172 2107 284 2171 eadem
307 2107 436 2172 civitate
460 2114 534 2172 sunt
556 2109 651 2172 multi
673 2103 858 2188 vittrifices,
894 2109 948 2194 qui
971 2107 1060 2173 varia
1082 2129 1156 2173 vasa
1179 2107 1260 2171 raris

112 2212 224 2276 formio
248 2217 281 2276 et
304 2211 462 2277 coloribus
484 2211 618 2290 faciunt,
643 2235 703 2298 que
725 2215 906 2279 venduntur
929 2215 966 2280 ad
991 2215 1129 2278 diversas
1152 2217 1259 2296 partes

110 2317 282 2402 gentilium
299 2317 321 2381 ⁴.
367 2315 459 2381 Infra
482 2317 547 2382 aire
570 2317 656 2382 intra
678 2319 841 2384 civitatem
871 2325 920 2385 est
949 2342 1013 2384 una
1034 2319 1157 2403 piscina
1181 2340 1258 2402 qua-

179 2506 313 2563 lFabria
336 2503 590 2576 iciacgoacllachaft
609 2445 720 2565 wodnte
748 2511 827 2565 nicht
854 2510 928 2566 beim
955 2510 1111 2580 dragoman
1139 2508 1259 2566 aondcrn

112 2596 154 2650 »iu
173 2595 288 2666 publico
306 2595 486 2662 diversorio«,
505 2596 735 2653 wahracheinliclr
748 2598 809 2654 weil
830 2599 869 2653 oie
887 2617 920 2652 au
939 2598 1009 2668 gross
1029 2615 1096 2652 war.
1125 2597 1160 2661 ΙΙ,
1173 2597 1225 2652 340
1238 2595 1257 2650 Ι.

109 2682 198 2738 Gbiat.
220 2685 270 2738 129
289 2685 386 2738 rfihmt
405 2683 500 2741 diesen
517 2685 674 2755 dragomau
694 2687 765 2740 auch
790 2687 832 2741 ala
856 2687 937 2742 einen
963 2685 1069 2756 grossen
1089 2685 1190 2740 freund
1209 2683 1259 2739 der

108 2771 210 2828 bruder
229 2789 295 2827 vom
314 2771 400 2842 berga
418 2773 482 2829 Sion
507 2773 564 2828 und
583 2776 661 2844 aagt,
689 2774 753 2828 dara
772 2791 802 2829 er
819 2774 930 2829 damals
950 2772 1053 2828 officior
1071 2791 1126 2828 ron
1145 2771 1258 2827 Hebron

109 2877 165 2914 rrar
183 2859 243 2913 und
263 2859 317 2914 den
331 2859 442 2929 pilgern
462 2861 548 2930 grolle
560 2862 754 2917 freundsohalt
772 2862 881 2917 berriae.
919 2859 997 2916 Auch
1015 2861 1065 2916 der
1085 2861 1258 2930 »praelectus

110 2947 200 3000 urbia«
221 2947 331 3001 acheint
350 2947 404 3002 den
423 2947 534 3018 pilgern
554 2949 711 3004 freundlich
731 2949 846 3018 gerinnt
864 2965 991 3020 gewcsen
1009 2967 1042 3002 au
1061 2948 1133 3012 aein;
1153 2964 1183 3002 er
1200 2944 1257 3000 liess

108 3035 230 3090 uimlich
250 3034 303 3089 deu
323 3033 431 3089 calinua
450 3037 540 3107 major
565 3037 628 3091 sehr
646 3039 712 3091 hart
731 3055 784 3100 an,
812 3035 875 3092 weil
894 3053 925 3092 er
943 3036 989 3091 die
1008 3036 1114 3106 pilgar,
1141 3032 1187 3087 die
1207 3031 1258 3086 mit
1332 3060 1337 3072 ·

108 3121 190 3178 Fabri
210 3121 276 3178 dort
294 3139 404 3190 waren,
423 3123 500 3178 nicht
518 3123 562 3177 ina
580 3123 762 3180 diversorium
781 3123 926 3195 publicum
944 3123 1059 3193 gelflhrt
1077 3123 1171 3186 hatte,
1198 3136 1258 3176 ron·

108 3209 175 3266 darn
195 3209 236 3264 ric
253 3209 292 3263 im
312 3207 399 3264 ircien
419 3210 612 3266 ilbernachtcn
629 3211 721 3266 loeson
732 3211 835 3268 wollte.
855 3211 940 3266 Fabri
951 3211 986 3274 Il,
996 3211 1055 3266 340.
1127 3209 1257 3264 abiasar

109 3299 192 3354 acker
210 3297 308 3350 worda
326 3295 354 3350 in
374 3297 506 3368 geringer
524 3299 696 3369 entfemung
713 3300 763 3354 der
781 3299 861 3354 stadt
880 3300 1004 3369 geaeigt:
1026 3297 1104 3354 »Von
1123 3297 1172 3352 der
1185 3315 1257 3364 ιιι]-

107 3387 208 3442 lachen
229 3383 282 3438 Hcl
302 3382 354 3438 auf
370 3383 503 3440 Occiderit
521 3403 568 3450 au,
593 3386 653 3440 auti
669 3387 713 3442 ein
732 3385 930 3457 Bogenschuaa,
950 3387 986 3440 iat
1004 3386 1055 3440 das
1073 3385 1257 3440 Damascencr

107 3473 205 3530 relat«
228 3473 373 3530 Brocardt.
408 3472 516 3544 Reyllb.
535 3476 604 3540 463,
623 3475 723 3531 ebcnao
738 3473 885 3532 Brcidcnb.
904 3473 1012 3542 Reyssb.
1032 3474 1073 3530 72.
1109 3461 1184 3528 liber
1203 3473 1257 3528 den

107 3559 330 3618 mutmassliahen
349 3561 441 3629 grund
460 3561 549 3617 dieser
565 3561 637 3633 jetzt
657 3561 808 3632 allgemein
827 3563 869 3616 ala
888 3561 1042 3617 unhaltbar
1061 3561 1256 3616 batrachteten

107 3649 225 3720 legando
244 3665 265 3703 a.
280 3647 411 3717 Conrady
427 3649 476 3704 160
490 3667 564 3704 auru.
578 3650 639 3704 480.
676 3649 769 3719 Georg
788 3649 840 3704 520
858 3649 1003 3712 berichtet,
1022 3649 1088 3704 daos
1106 3649 1156 3704 der
1174 3647 1258 3703 aclrer

108 3755 159 3794 ron
174 3735 312 3791 rotlichar
324 3734 404 3790 serbo
416 3735 463 3800 aei,
483 3735 528 3791 die
541 3736 698 3792 Saracenen
710 3755 760 3792 aua
777 3738 866 3794 eeiner
878 3737 943 3793 arde
955 3737 1111 3806 kdgalchen
1125 3735 1255 3791 machten

107 3825 162 3878 und
181 3824 223 3879 aia
241 3823 317 3880 belm
337 3823 436 3892 gebete
447 3823 639 3893 gebrauchten
657 3825 725 3882 oder
744 3825 814 3880 auctr
834 3843 870 3879 arr
890 3824 935 3880 die
948 3823 1077 3880 christan
1088 3821 1258 3878 verlraoften

108 3911 161 3966 und
182 3909 339 3966 aussardem
358 3910 413 3966 viel
432 3913 497 3967 crde
516 3929 571 3968 rou
589 3911 765 3969 demaalben·
779 3913 808 3966 in
834 3913 879 3968 die
897 3913 1140 3968 verschiedensten
1158 3908 1257 3964 ltnder

108 4000 260 4063 ahiman,
280 3999 353 4055 ohne
372 3999 435 4054 daea
454 3999 574 4056 dierelbe
592 4000 741 4056 abuthme.
827 4003 844 4056 3
862 3999 945 4058 Sonat
965 4019 1018 4056 ron
1037 4001 1145 4055 keinem
1165 3997 1257 4068 pilger

106 4089 243 4144 arwtlrnt.
351 4086 446 4144 avon
474 4089 523 4143 der
551 4087 744 4144 bedentenden
768 4089 960 4160 entwiclrlung
988 4089 1036 4144 der
1056 4085 1257 4157 glaainduatrie

105 4177 240 4247 rprechen
259 4175 333 4230 auch
350 4175 554 4247 Gumpenberg,
575 4177 682 4246 lleyllb.
702 4179 762 4242 239,
781 4177 863 4232 Fabri
883 4177 917 4242 Il,
936 4178 986 4245 341
1007 4194 1033 4230 u.
1054 4195 1078 4230 a.
1116 4173 1196 4228 Dicae
1214 4173 1256 4229 in-

105 4263 212 4320 dustrie
232 4261 287 4318 roll
306 4279 355 4316 aur
372 4263 427 4318 rcit
446 4264 494 4320 der
512 4265 667 4336 krauaadge
694 4265 782 4322 durch
811 4267 856 4322 die
874 4266 1045 4322 Venetianer
1063 4261 1178 4319 dorthin
1197 4279 1255 4318 ver·

104 4351 210 4422 pllanrt
223 4349 341 4406 worden
355 4351 412 4406 rein
431 4353 487 4408 uud
500 4352 592 4409 bildet
605 4353 689 4409 haute
702 4355 773 4410 noch
787 4355 868 4409 einen
882 4351 1033 4422 wichtigcn
1047 4347 1255 4420 erwarbaaweig

103 4439 151 4494 der
169 4437 337 4494 ainwohner
356 4455 409 4494 von
426 4439 547 4498 Hebron.
573 4441 728 4497 nocuum
747 4441 788 4506 ll,
807 4443 867 4498 215.
896 4441 961 4512 Vgl.
980 4441 1060 4510 Sepp,
1081 4438 1136 4493 Jer.
1154 4437 1175 4504 Ι,
1195 4439 1256 4497 626.
