3062 4938
836 336 878 402 12

286 515 378 580 1481.
424 513 531 580 Officii
549 514 817 580 commissariatus
839 513 903 578 mei
926 514 985 578 sub
1008 513 1115 599 sigillo
1137 535 1195 597 per
1219 510 1427 579 1111111111-

284 621 422 686 bannem
445 620 596 704 Alphart
621 618 856 684 commissarius
880 621 912 681 et
935 616 1054 682 electus
1077 619 1214 682 vicarius
1236 639 1332 682 manu
1356 638 1427 700 pro·

283 726 373 809 pria<
399 729 458 792 eto.
506 725 646 808 Recepta
678 725 735 788 deo
765 727 797 788 et
827 722 905 806 ipsis
935 726 1045 806 gratas
1078 722 1227 788 refferens
1253 723 1428 807 gratiarum

284 833 434 896 actiones.
480 829 522 894 Et
543 829 654 894 statim
676 829 709 894 in
733 829 784 895 die
806 829 909 892 sancti
930 827 1106 893 Bernhardi
1131 829 1187 912 [20
1202 828 1302 912 Aug]
1325 831 1428 892 traus-

277 936 386 1004 ,volavi
410 937 449 1000 ad
465 957 551 1001 meas
566 957 689 1000 sorores
714 937 746 998 et
766 934 903 998 sororios
925 955 982 997 nec
1004 955 1068 997 nou
1090 933 1129 998 ad
1145 934 1225 998 alios
1240 933 1428 1015 1011111111-
1523 973 1524 1020 3

279 1063 365 1121 neos,
389 1041 506 1106 amicos
528 1045 560 1104 et
588 1041 686 1105 bonos
700 1040 851 1118 fautores,
875 1059 954 1123 quos
972 1038 1143 1103 exhortans
1170 1040 1202 1103 in
1228 1038 1313 1104 dulci
1335 1037 1428 1102 Ihesu
1522 1023 1524 1114 l

279 1147 316 1210 ad
334 1147 485 1231 fugienda
508 1147 614 1211 omnia
630 1149 759 1230 peccata
774 1148 807 1210 et
822 1144 945 1230 agenda
960 1144 1044 1208 bona
1058 1165 1164 1228 opera,
1187 1147 1219 1208 ot
1233 1143 1279 1208 sic
1293 1145 1429 1208 salutem

280 1253 458 1316 animarum
474 1254 603 1336 possent
624 1251 778 1329 obtinere,
802 1249 1094 1334 alissimpossibilo
1117 1271 1183 1314 esse
1198 1249 1341 1333 probavi.
1389 1247 1429 1311 Et
1523 1249 1524 1282 ³

278 1357 422 1439 exposito
439 1357 567 1440 negotio
584 1355 746 1420 insinuans
763 1375 918 1419 recessum
944 1355 985 1418 ab
1000 1355 1045 1418 eis
1061 1356 1093 1417 at
1109 1354 1238 1418 tendere
1248 1355 1292 1418 ad
1307 1357 1428 1417 terram

278 1465 422 1526 sanctam
449 1461 598 1525 flentibus
620 1460 768 1524 omnibus
791 1459 968 1523 valedicens
1001 1458 1128 1522 discessi
1158 1480 1265 1523 versus
1288 1456 1429 1542 Heydel-

280 1569 418 1651 bergam,
443 1569 475 1631 et
498 1565 543 1630 ibi
566 1565 738 1629 terminato
761 1563 943 1648 principum
973 1567 1006 1627 et
1028 1563 1185 1628 nobilium
1207 1565 1430 1628 torneamento

277 1675 309 1736 st
332 1671 487 1755 expeditis
510 1672 589 1736 meis
612 1667 886 1756 negotiisrecess'i
910 1670 949 1734 de
974 1669 1200 1755 Hoydelbsrga
1216 1669 1237 1734 ¹.

364 1775 401 1840 ln
417 1777 482 1842 'die
511 1776 613 1842 sancti
637 1775 813 1862 Augustini
837 1773 896 1859 [28
922 1777 1004 1858 Aug.
1032 1771 1129 1860 1481]
1160 1778 1233 1858 post
1255 1775 1430 1858 prandium

277 1881 310 1944 in
333 1881 420 1948 salvo
442 1883 600 1948 conductu
617 1881 783 1947 reverendi
805 1881 908 1964 patris
924 1879 1070 1963 gurdiani
1086 1880 1227 1945 eiusde'm
1242 1881 1431 1957 conventus,

275 1987 424 2072 magistri
439 1985 551 2053 Jodoci
562 1987 769 2052 Kutzenbaeh
781 1985 806 2066 ²,
822 1988 855 2050 et
870 1984 980 2050 fratris
993 1983 1150 2050 Johannis
1163 1985 1245 2050 Faut
1260 1987 1297 2050 de
1311 1984 1430 2048 Luter-

277 2091 359 2177 burg
381 2093 566 2177 tetendique
593 2095 656 2158 iter
677 2116 785 2157 meum
806 2113 912 2156 versus
935 2090 1080 2176 Spyram,
1111 2093 1220 2177 ibique
1242 2091 1348 2157 mansi
1372 2112 1432 2174 par

276 2197 354 2262 duos
377 2199 443 2262 dias
466 2203 499 2264 st
520 2200 626 2264 tribus
649 2199 795 2264 noctibus
818 2220 891 2262 eum
913 2197 1005 2261 bonis
1029 2197 1140 2262 amicis
1161 2198 1240 2262 meis
1263 2201 1297 2262 et
1319 2198 1430 2262 fauto-

277 2303 375 2382 ribus,
399 2305 453 2388 qui
477 2307 510 2369 et
524 2327 575 2369 me
591 2306 628 2367 ut
643 2302 795 2387 angelum
812 2305 1033 2368 tractaverunt
1056 2306 1089 2367 et
1111 2325 1145 2368 se
1159 2306 1273 2387 sponte
1296 2303 1332 2366 in
1349 2302 1432 2367 meis

274 2409 459 2472 necessariis
481 2407 681 2474 obtuleruut.
727 2407 869 2490 Recepta
891 2407 1115 2487 consolatione,
1143 2407 1290 2472 salutatis
1314 2411 1349 2473 11
1374 2407 1431 2472 ad·

274 2512 405 2576 monitis
435 2514 473 2578 ad
504 2514 553 2578 dei
578 2512 712 2578 meliora
735 2513 903 2578 carismata
926 2517 959 2577 et
980 2515 1115 2579 salutem
1137 2515 1317 2580 animarum
1342 2514 1432 2578 vale-

276 2617 340 2681 dixi
364 2619 522 2700 omnibus,
546 2619 660 2684 recessi
683 2640 755 2683 oum
779 2620 894 2703 gaudio
910 2621 1067 2704 arripiens
1089 2621 1151 2684 iter
1173 2641 1281 2685 versus
1298 2621 1432 2705 Argen·

273 2721 387 2803 tinum,
404 2725 513 2810 ibique
527 2725 676 2790 similiter
687 2745 837 2809 generose
849 2728 1013 2810 susceptus
1025 2747 1061 2790 ac
1074 2725 1247 2790 honorifice
1262 2728 1431 2790 tractatus

274 2830 310 2891 ut
333 2828 366 2891 in
383 2827 495 2914 Spyra.
541 2831 584 2896 Et
607 2831 639 2894 in
665 2828 806 2914 profesto
822 2828 1011 2894 Natiuitatis
1028 2829 1129 2894 Maria
1152 2828 1308 2914 [71111]
1337 2835 1432 2914 post·

273 2935 394 3018 tergavi
419 2939 451 2998 et
473 2935 555 2999 hano
571 2936 734 3001 civitatem
756 2957 828 3000 cum
843 2935 954 3000 multis
976 2935 1067 3000 bonis
1083 2935 1263 3001 fautoribus
1285 2937 1371 3001 meis
1395 2941 1431 3002 11

272 3037 390 3102 intravi
413 3040 463 3104 die
486 3042 506 3104 9
523 3041 640 3104 mensis
656 3039 861 3124 Septembris,
884 3039 944 3105 hoc
967 3043 1015 3104 est
1031 3039 1132 3104 altera
1146 3041 1197 3104 die
1212 3045 1285 3125 post
1301 3041 1431 3108 festum

272 3141 463 3208 Natiuitatis
477 3144 585 3225 Mario,
602 3145 762 3210 civitatem
781 3145 995 3211 Basiliansem.
1033 3144 1075 3208 Et
1089 3146 1192 3209 mansi
1208 3146 1242 3210 in
1259 3153 1431 3213 conventu

271 3252 381 3314 nostro
403 3249 541 3315 fratrum
562 3251 722 3316 minorum
753 3253 791 3315 de
814 3251 1015 3315 observantia
1044 3272 1102 3334 per
1131 3253 1203 3314 octo
1231 3251 1297 3316 dies
1321 3275 1432 3338 usque

271 3355 305 3417 in
328 3354 498 3420 sabbatum
520 3359 593 3440 post
615 3354 733 3420 festum
758 3355 968 3420 Exaltationis
991 3359 1098 3420 sancte
1120 3357 1236 3436 erucis,
1266 3379 1330 3442 que
1356 3365 1433 3426 erat

271 3459 313 3524 14
336 3459 401 3525 dies
423 3460 629 3546 Septembris.
674 3461 788 3546 Ibique
810 3461 902 3547 pauci
926 3460 1043 3524 fratres
1065 3461 1146 3525 mihi
1168 3460 1351 3529 fraternam
1377 3467 1432 3531 di·

270 3564 440 3630 lectionem
463 3568 685 3648 ostenderunt,
718 3567 771 3630 sed
804 3567 893 3650 quasi
923 3587 1031 3629 omnes
1061 3566 1193 3630 mutatis
1222 3564 1372 3632 vultibus
1397 3591 1434 3634 se

269 3671 484 3752 ostenderunt,
510 3677 543 3737 11
566 3674 681 3758 quibus
703 3672 843 3756 plurima
868 3672 948 3736 bona
971 3671 1004 3734 in
1029 3670 1195 3736 retroactis
1220 3673 1434 3755 temporibus

270 3775 398 3840 exhibui
423 3781 455 3842 et
478 3777 549 3858 feci,
572 3779 700 3862 penitus
723 3776 817 3841 obliti
833 3777 934 3841 aversi
956 3779 1040 3840 sunt.
1087 3775 1170 3841 Laus
1187 3776 1433 3860 benignissimo

833 3907 851 3942 Ι·

341 3989 352 4040 l
373 3985 453 4042 Nach
465 3985 608 4055 Rdhrioht,
622 3987 653 4042 D.
668 3985 737 4056 pilg.
752 3983 802 4040 120
813 3983 921 4039 schrieb
935 3983 1005 4039 auch
1017 3983 1064 4040 ein
1075 3983 1210 4056 magister
1226 3985 1380 4046 Jobsnnaa
1394 3992 1434 4050 ds

268 4073 464 4139 Frankfordia,
483 4075 579 4130 doctor
597 4074 647 4128 der
665 4071 806 4142 theologie
823 4073 853 4127 in
872 4072 964 4137 Paris,
989 4072 1028 4126 im
1044 4073 1127 4144 jabre
1146 4072 1213 4130 1121
1233 4073 1278 4128 111
1298 4074 1437 4139 1111111-

267 4160 341 4214 rium
360 4160 396 4214 ab
415 4161 601 4231 Heidelberga
620 4161 785 4216 Jerusalem.
892 4161 909 4214 2
934 4161 964 4214 P.
984 4160 1173 4228 Kutzenbach,
1200 4162 1310 4218 damals
1333 4185 1434 4237 guar.

267 4246 335 4300 dian
355 4247 412 4300 und
430 4247 560 4304 definitor
577 4248 608 4302 in
626 4247 813 4319 Heidelberg,
839 4248 934 4304 wurde
954 4249 1023 4304 1488
1041 4249 1172 4306 definitor
1196 4250 1254 4304 und
1272 4256 1434 4321 guardian

265 4352 297 4477 gp
309 4333 450 4477 {qmbarg
469 4336 526 4477 qud
540 4337 608 4392 1493
620 4336 761 4407 guardian
774 4336 831 4392 und
844 4337 974 4394 definitor
992 4337 1022 4391 11
1036 4338 1192 4408 Tttbingsn.
1229 4338 1313 4397 Anal.
1330 4342 1434 4408 franc,

293 4459 300 4488 ,
354 4424 377 4486 0,
398 4423 457 4488 50,
495 4423 534 4481 11.
