3062 4938
677 327 696 392 7

112 520 214 566 mem
230 498 424 566 diffinitores
441 499 462 576 ¹,
486 505 523 566 nt
543 523 594 567 nre
616 507 773 586 ponerent
794 502 833 567 ed
856 501 999 568 tabulam
1015 501 1038 568 ².
1085 502 1126 566 Et
1147 502 1265 566 intravi

111 603 345 686 diffinitorium,
369 627 487 692 rogans
510 605 675 672 humiliter
696 608 879 691 supportari
902 607 943 672 ab
964 607 1088 699 officiis,
1111 606 1264 691 allegans,

110 709 268 794 quomodo
292 709 412 776 dudum
436 710 539 776 multa
560 733 659 796 supra
678 711 844 778 seientiam
867 716 900 777 et
914 712 1140 778 conscientiam
1163 733 1264 777 meem

111 835 166 897 per
202 814 418 882 obedientiam
454 821 639 900 portaesem,
672 839 758 884 nunc
790 839 864 884 vero
897 838 1021 884 necesse
1049 821 1131 882 esset
1167 815 1265 882 michi

110 918 310 1000 recollectio,
349 925 382 986 et
415 921 442 986 si
476 944 539 988 non
577 922 738 1002 fecerent,
778 922 862 988 forte
893 923 999 1002 fieret,
1039 922 1164 1008 quando
1201 943 1264 988 non

109 1023 252 1108 placeret
283 1025 338 1090 eis.
384 1025 455 1092 Hoc
476 1027 606 1092 verbum
635 1049 698 1092 non
730 1026 960 1094 intellexerunt
990 1031 1149 1112 putantes,
1181 1026 1265 1111 quod

111 1149 274 1212 rogarem,
307 1135 345 1196 ut
376 1132 465 1215 prius
497 1133 603 1216 sepius
635 1133 787 1198 fecissem.
832 1131 914 1200 silui
948 1138 1052 1200 tamen
1086 1134 1124 1198 de
1157 1132 1264 1218 gratie

110 1233 296 1318 apostolice.
342 1235 409 1320 Ipsi
442 1257 515 1302 vero
538 1237 728 1304 diffinitores
750 1238 980 1304 subsannantes
1002 1238 1180 1304 deriserunt
1203 1259 1264 1316 me,

110 1343 142 1404 et
170 1339 216 1404 cic
239 1339 324 1404 exivi
347 1340 389 1406 eb
411 1341 489 1425 ipsis
511 1341 678 1423 confines,
706 1343 790 1408 letus
819 1348 926 1410 temen
952 1345 986 1410 in
1012 1345 1106 1410 corde
1132 1346 1265 1428 propter

108 1443 268 1528 gretiam,
299 1465 395 1529 quem
425 1445 523 1512 habui
553 1447 587 1510 in
617 1447 734 1513 seculo.
784 1447 906 1514 Deinde
935 1449 1022 1515 nolui
1054 1447 1265 1534 personaliter

109 1547 233 1612 intrare
256 1548 491 1630 diffinitorium,
521 1551 575 1616 sed
597 1551 721 1634 scripsi,
750 1549 899 1618 seriosius
928 1553 1091 1618 declarans
1113 1552 1264 1630 rationes,

109 1657 147 1718 ut
170 1653 286 1718 melius
312 1659 450 1720 mentem
474 1659 507 1720 et
531 1655 729 1720 voluntatem
754 1677 854 1720 meam
878 1657 1116 1742 intelligerent,
1147 1657 1182 1722 in
1205 1657 1264 1722 hec

107 1758 223 1824 verbe:
261 1757 461 1826 ›Venarendi
497 1759 621 1826 Patres!
672 1760 739 1845 l'go
777 1760 840 1826 heu
878 1763 973 1828 miser
1013 1762 1113 1828 frater
1145 1761 1265 1828 Paulus

110 1861 276 1928 Wultheri
313 1885 419 1930 coram
449 1865 507 1930 deo
539 1868 572 1928 et
609 1863 792 1930 hominibus
821 1865 886 1949 jem
916 1887 1034 1932 annum
1064 1866 1106 1932 28
1139 1869 1172 1932 in
1204 1867 1264 1932 hec

107 1989 200 2032 sacra
230 1968 410 2053 religione⁸
440 1991 512 2056 ego.
558 1969 600 2034 Et
631 1970 809 2056 ingressum
831 1973 954 2056 arripui
976 1972 1088 2056 fugere
1109 1974 1262 2039 mundum

106 2079 141 2138 et
173 2074 299 2155 omnia,
331 2097 392 2160 que
421 2075 454 2140 in
485 2096 522 2142 eo
544 2076 740 2158 consistunt,
771 2077 939 2144 intendens
970 2077 1179 2162 singulariter
1206 2078 1264 2144 deo

108 2180 224 2244 devote
247 2184 280 2246 et
303 2180 443 2246 studiose
465 2181 584 2246 servire
606 2201 727 2246 necnon
751 2181 918 2246 commissa
939 2185 1071 2266 peecata
1092 2205 1163 2248 mea
1185 2181 1264 2248 alio·

106 2307 246 2370 rumque
279 2284 392 2350 anxius
425 2284 556 2364 deflere,
588 2285 687 2350 vitem
710 2286 896 2366 emendare,
928 2308 1030 2352 mores
1065 2309 1263 2373 componere,

106 2393 143 2458 in
180 2391 289 2478 gratia
322 2395 355 2456 et
389 2391 564 2456 virtutibus
598 2391 769 2475 prolicere,
807 2392 1071 2477 contemplationi
1106 2399 1138 2460 et
1172 2395 1262 2480 quie·

106 2497 215 2564 tidini
249 2495 366 2562 mentis
400 2497 460 2562 sub
493 2495 621 2562 silentio
660 2497 807 2562 insistere
839 2501 872 2562 et
903 2503 1009 2564 cetera
1042 2499 1145 2564 multa
1182 2500 1263 2566 bone

110 2604 227 2670 faeere.
271 2601 333 2668 Sed
356 2601 434 2668 heu!
457 2622 528 2668 cum
546 2601 654 2668 dolore
668 2602 780 2682 cordis,
805 2603 886 2686 proh
909 2603 1016 2670 dolor!
1040 2603 1166 2670 nullum
1188 2604 1261 2670 illo-

106 2731 182 2776 rum
206 2709 370 2794 hucusque
392 2706 599 2792 apprehendi,
630 2729 688 2774 nec
722 2712 770 2773 est
792 2729 864 2792 spes
886 2709 1159 2794 apprehensionis,
1192 2713 1262 2774 tum

676 2835 695 2870 i

184 2915 271 2973 lDie
289 2917 454 2974 definitoren
479 2916 543 2972 sind
567 2916 612 2972 dic
631 2917 692 2972 rete
717 2916 765 2972 des
783 2917 986 2988 provinciales,
1013 2917 1059 2973 die
1082 2935 1112 2974 er
1137 2917 1168 2972 in
1186 2918 1263 2974 allen

110 3005 266 3076 vichtigen
279 3005 532 3076 angelegcnheiten
546 3003 595 3060 der
607 3004 723 3075 provinz
741 3023 775 3060 zu
787 3008 851 3062 rete
863 3007 961 3062 aichen
975 3023 1058 3060 muse.
1094 3005 1139 3062 Sic
1151 3006 1263 3062 wthlen

109 3095 164 3150 mit
183 3093 249 3149 dem
266 3093 423 3163 provincial
451 3092 508 3147 und
531 3096 624 3150 eustos
648 3091 697 3148 der
714 3097 831 3164 provinz
857 3093 902 3148 die
920 3091 1108 3150 ordensobern
1125 3123 1160 3133 -
1179 3110 1263 3165 guar·

111 3183 206 3246 diane,
226 3180 407 3252 presidenten
426 3198 453 3238 ιι.
472 3198 492 3236 s.
511 3199 545 3234 w.
563 3211 599 3221 -
618 3180 675 3235 und
692 3180 805 3236 werden
824 3182 912 3237 selbst
932 3200 986 3238 von
1004 3181 1058 3237 den
1077 3180 1262 3252 guardienen,
1313 3167 1318 3180 ⁸

108 3269 282 3326 definitoren
300 3267 357 3322 und
376 3267 439 3324 dem
452 3269 619 3340 provincial,
636 3268 697 3325 also
716 3268 780 3323 dem
792 3285 903 3339 geaeon
921 3269 1029 3340 kapite!
1042 3267 1175 3339 genthlt.
1212 3269 1263 3328 Die

110 3357 286 3414 definitoren
303 3353 352 3410 dee
370 3355 400 3410 in
418 3355 484 3412 rede
501 3355 655 3412 stehenden
673 3356 956 3428 prouinaielkapitels
974 3373 1069 3412 ereren
1088 3355 1133 3412 die
1151 3360 1262 3427 potres:

109 3445 290 3512 Lindensels,
318 3444 460 3514 guardian
477 3443 508 3500 in
526 3444 623 3510 Basel,
650 3443 847 3510 Ilutaenbcch,
877 3443 1019 3516 guardien
1036 3444 1067 3499 in
1085 3443 1262 3519 Heidelberg,

110 3533 240 3590 Fridclin
267 3549 319 3588 ans
338 3531 490 3601 Ntrnberg
518 3531 574 3586 und
593 3531 691 3587 Wsler
718 3549 769 3586 ans
786 3532 890 3588 licina.
925 3531 1011 3588 Anel.
1036 3532 1124 3589 frenc.
1149 3533 1182 3599 ll,
1201 3537 1277 3593 leo..

110 3624 129 3677 2
159 3623 263 3678 Ponere
282 3619 320 3676 ed
338 3619 468 3676 tabulam
489 3641 524 3668 =
541 3638 576 3675 an
600 3619 690 3676 einem
709 3623 786 3676 emto
803 3621 981 3676 bestimmen.
1017 3618 1069 3675 Die
1087 3635 1190 3677 nemen
1213 3623 1263 3680 der

110 3727 179 3767 vom
196 3707 352 3780 provincial
378 3708 434 3764 und
459 3709 513 3765 den
531 3709 698 3765 definitores
723 3726 758 3762 au
783 3709 953 3766 contenderi
980 3709 1139 3780 genthlten
1158 3710 1261 3768 braden

110 3797 229 3852 worden
247 3795 372 3852 nemlioh
391 3796 443 3851 auf
462 3796 508 3852 die
526 3799 699 3868 sogenennte
717 3796 913 3868 lepitelstafel
932 3797 1113 3868 geschrieben
1130 3797 1188 3854 und
1206 3815 1262 3856 von

108 3885 258 3941 denelben
277 3885 437 3956 abgelesen.
506 3886 524 3941 3
542 3884 654 3955 Religio
671 3884 711 3940 ist
729 3884 790 3940 hier
808 3884 860 3940 vie
877 3887 956 3940 ronst
968 3885 1030 3940 sehr
1042 3883 1139 3954 heuflg
1157 3883 1262 3954 gleich-

110 3971 272 4030 bedeulentl
290 3972 344 4028 mit
361 3971 456 4036 orden,
484 3973 608 4028 weshelb
636 3972 681 4028 die
700 3972 878 4028 ordensleutc
906 3973 969 4028 sehr
998 3971 1095 4040 heufig
1113 3969 1261 4039 religiosae

110 4063 243 4132 genennt
269 4059 391 4116 werden.
436 4061 468 4116 ln
493 4061 595 4117 diesem
624 4060 703 4116 sinae
729 4059 877 4130 jedesfalls
906 4061 1034 4116 nanntsn
1056 4057 1116 4112 »die
1141 4055 1261 4112 Ordens·

109 4151 196 4205 veser
221 4149 267 4205 des
297 4147 565 4206 Salvatcrklostersc
596 4149 627 4204 in
654 4150 809 4205 Jerusalem
840 4149 904 4204 dem
934 4147 973 4202 Dr
996 4145 1070 4217 Sepp
1102 4143 1261 4214 gegentber

110 4237 171 4292 den
189 4235 225 4290 hl.
243 4235 406 4292 llrenciscur
428 4237 576 4294 »fundator
598 4239 711 4294 nostrae
729 4236 906 4308 religionis«,
934 4235 992 4290 und
1011 4235 1049 4289 ist
1075 4233 1161 4302 Seppe
1180 4231 1261 4288 dher·

111 4321 255 4394 mohung
273 4327 342 4381 aser
360 4322 435 4380 eius
456 4323 646 4396 censonung
663 4324 839 4396 cernundig
857 4320 1061 4395 dunense.
1097 4317 1179 4388 sopp,
1203 4319 1260 4376 ur.

15 4423 16 4478 l
111 4415 135 4482 l,
155 4411 207 4470 520
223 4429 296 4470 eum.
