3062 4938
806 315 828 378 4·

246 493 325 558 mihi
356 494 394 557 ad
418 491 650 556 sanctissimum
680 509 794 572 papam
819 487 942 552 Sixtum
976 491 1125 572 quartum
1155 507 1213 570 pro
1236 481 1393 549 licentiu¹

245 599 285 662 ad
308 600 457 664 standum
480 599 512 661 in
535 595 646 660 Ytalie
668 615 705 658 ec
732 596 771 659 ad
794 593 985 658 visitandam
1009 596 1126 658 terram
1150 595 1292 655 sanctam
1315 609 1391 671 sup-

245 704 451 787 plicationem
475 707 631 766 ornatam*
644 700 798 784 porrexit.
843 699 886 763 Et
908 695 967 762 in’
992 697 1121 761 eandem
1152 715 1303 778 generose
1325 695 1393 778 sig·

246 815 352 873 natam
376 831 446 874 cum
469 807 620 872 clausulis
640 805 830 888 opportunis
845 804 996 882 obtinuit,
1020 809 1052 866 et
1075 801 1155 866 mihi
1170 801 1330 885 prefatam
1352 799 1393 862 ad

246 936 357 978 manus
380 935 465 978 meas
490 913 524 977 in
547 913 679 997 propria
701 933 836 995 persona
857 911 1062 994 presentavit.
1109 908 1205 973 Cuius
1228 912 1320 970 tenor
1342 927 1392 968 se-

246 1020 356 1104 quitur
371 1023 404 1082 et
419 1023 467 1083 est
482 1019 569 1083 talis:
588 1017 771 1082 Beatissimo
782 1015 893 1081 Pater!
910 1013 989 1079 Cum
1005 1015 1138 1078 devotus
1153 1017 1262 1078 orator
1277 1011 1393 1076 Vestre

245 1123 442 1202 Sanctitatis,
467 1122 567 1186 frater
589 1122 708 1186 Paulus
732 1121 892 1186 Waltheri
915 1122 953 1185 de
977 1120 1172 1204 Guglingen,
1195 1116 1394 1182 Wormenris

246 1229 406 1306 dioecesis,
428 1229 548 1293 ordinis
564 1228 701 1292 fratrum
726 1224 767 1312 [p.
786 1226 829 1310 2.]
855 1227 1014 1290 minorum
1038 1227 1075 1288 de
1091 1223 1293 1290 observantia
1309 1245 1393 1286 nun-

244 1333 396 1417 cupetis⁸
421 1332 590 1417 professor,
613 1355 672 1417 pro
688 1334 786 1396 animi
802 1333 850 1396 sui
869 1332 985 1417 quiete,
1011 1335 1044 1394 et
1065 1336 1101 1394 ut
1117 1330 1242 1394 facilius
1265 1335 1297 1394 et
1312 1329 1393 1392 libe-

244 1440 310 1504 rius
328 1440 457 1504 semotis
473 1439 638 1523 quibusvis
653 1438 849 1504 secularibus
864 1435 1111 1521 impedimentis,
1135 1436 1251 1520 quibus
1267 1437 1300 1498 in
1317 1457 1392 1518 par-

245 1545 332 1608 tibus
356 1545 522 1608 Alamanie
544 1544 681 1609 maxime
703 1545 787 1609 circa
802 1543 1012 1609 confessiones
1035 1541 1206 1606 audiendas
1228 1540 1391 1626 laycorum

245 1650 430 1728 involvitur,
454 1649 514 1729 illi,
537 1650 589 1714 cui
611 1671 678 1714 sese
701 1655 815 1734 sponte
837 1649 973 1728 devovit,
1001 1648 1034 1712 in
1059 1647 1252 1712 humilitatis
1274 1645 1394 1729 spiritu

245 1759 278 1819 et
293 1754 570 1838 contemplationis
592 1757 749 1819 suavitate
771 1759 846 1817 vota
867 1775 924 1816 sua
947 1753 1076 1818 reddere
1091 1752 1205 1830 valeat,
1228 1753 1267 1815 ad
1282 1751 1393 1816 Ytalie

244 1865 352 1945 partes
376 1882 409 1924 se
431 1861 575 1926 conferre
598 1867 631 1926 et
653 1862 744 1940 inibi,
768 1860 822 1924 ubi
839 1861 957 1924 vicario
974 1858 1116 1944 generali
1132 1855 1317 1922 dictorum⁴
1340 1878 1391 1920 or·

244 1967 326 2031 dinis
349 1971 382 2030 et
404 1967 605 2031 observantie
627 1967 730 2032 visum
746 1965 867 2044 fuerit,
880 1967 939 2028 sub
962 1965 1062 2048 ipsius
1084 1963 1195 2027 vicarii
1211 1962 1393 2026 obedientia

245 2093 408 2136 remanere
437 2075 470 2135 et
488 2072 623 2152 deinde,
657 2073 731 2136 dum
754 2071 979 2154 opportunitas
1013 2091 1047 2133 se
1068 2067 1233 2144 obtulerit,
1266 2088 1391 2131 sucrum

244 2176 449 2260 sepulchrum
473 2177 664 2254 dominicum
695 2180 728 2239 et
755 2176 818 2238 alia
852 2175 920 2238 loca
943 2178 1051 2237 sancta
1083 2171 1292 2238 ultramarina
1312 2171 1391 2236 visi·

243 2286 313 2345 tare
348 2281 504 2365 singulari
528 2281 695 2344 devotione
717 2281 829 2344 ductus
852 2280 1016 2357 desideret,
1043 2277 1204 2362 supplicat
1227 2277 1392 2342 humiliter

245 2385 416 2450 Sanctitati
435 2385 547 2449 Vestre
567 2385 788 2450 devotissimus
811 2383 947 2450 eadem⁶
970 2385 1051 2449 sedis
1076 2388 1109 2448 et
1130 2389 1239 2449 sancte
1262 2405 1392 2448 romane

244 2491 373 2556 ecclesie
395 2490 491 2571 filius,
515 2490 686 2574 Philippus
701 2491 724 2570 ⁰,
748 2491 811 2555 dux
828 2489 970 2568 Bavarie,
994 2510 1097 2554 comes
1119 2489 1282 2573 palatinus
1297 2487 1390 2567 Reni,

244 2602 276 2661 et
298 2597 379 2660 sacri
401 2595 529 2678 imperii
548 2596 669 2661 romani
689 2595 838 2679 princeps
858 2596 985 2674 elector,
1008 2600 1045 2659 ut
1061 2595 1162 2659 eidem
1179 2593 1278 2658 Paulo
1294 2594 1390 2658 etiam

242 2703 290 2765 sui
313 2701 485 2784 superioris
507 2701 610 2784 petita
631 2702 707 2765 licet
738 2723 802 2765 non
825 2701 957 2766 obtenta
988 2700 1118 2766 licentio
1148 2721 1303 2763 unacum
1326 2721 1391 2764 uno

241 2807 326 2870 socio
349 2806 487 2870 eiusdem
502 2805 622 2870 ordinis
645 2807 683 2871 ad
707 2807 740 2870 id
763 2828 820 2889 per
844 2829 915 2870 eum
932 2806 1079 2892 eligendo
1103 2806 1142 2868 ad
1158 2811 1265 2888 partes
1281 2803 1392 2868 Ytalie

241 2911 422 2978 huiusmodi
445 2932 479 2974 sc
500 2911 675 2976 transferre
698 2911 786 2976 etin
811 2913 880 2994 ipsa
903 2911 1001 2977 Italia
1025 2913 1057 2975 iu
1081 2911 1160 2993 loco,
1183 2910 1238 2974 ubi
1261 2909 1390 2994 prefato

807 3016 824 3047 ἦ

313 3067 429 3124 lleder
447 3067 539 3136 pilger
557 3067 687 3123 hedurfte
705 3068 815 3123 damels
843 3087 875 3121 au
895 3069 972 3122 einer
990 3067 1138 3122 vvullfahrt
1165 3069 1237 3123 nach
1265 3067 1329 3122 dem
1350 3068 1391 3122 hl.

241 3158 326 3213 landa
352 3157 401 3210 der
418 3155 594 3226 ptpstlichen
613 3155 765 3221 erlaubnis,
794 3157 856 3212 vveil
885 3174 941 3212 von
968 3156 1017 3210 der
1041 3155 1121 3210 kurie
1135 3155 1201 3225 jede
1226 3155 1296 3210 reise
1321 3155 1392 3210 iiber

242 3245 353 3315 (lypern
375 3243 476 3296 hincne
500 3245 583 3298 unter
602 3244 689 3299 utrafe
713 3245 762 3299 der
780 3243 1020 3301 excomunication
1039 3243 1172 3300 verboten
1191 3243 1301 3300 vvorden
1321 3261 1391 3298 war.

241 3333 317 3389 Doch
338 3331 433 3386 wurde
452 3349 480 3386 ea
492 3331 593 3386 hiemit
611 3331 690 3385 nicht
702 3333 851 3389 besonders
864 3349 956 3402 genuu
968 3348 1144 3401 genommen,
1162 3331 1220 3386 und
1238 3332 1319 3385 hatte
1338 3329 1391 3387 der

241 3419 381 3491 guardian
401 3436 462 3475 vom
483 3418 568 3488 herge
589 3420 654 3476 Sion
672 3420 717 3476 die
735 3421 897 3484 vollmacht,
922 3420 1022 3490 pilger,
1042 3420 1146 3474 welche
1164 3422 1236 3476 ohne
1253 3419 1329 3474 dieae
1347 3437 1391 3475 er·

241 3508 353 3563 laubnis
366 3507 514 3570 ankamen,
534 3527 567 3562 zu
580 3508 763 3567 absolvieren.
800 3508 943 3572 Robricht,
962 3505 1101 3562 Dentsche
1115 3508 1295 3577 pilgerreisen
1315 3509 1389 3562 nach

240 3595 305 3650 dem
317 3595 355 3650 hl.
371 3595 462 3649 lande.
493 3595 587 3651 Gotha
601 3597 676 3651 1889.
703 3597 728 3662 8,
748 3599 783 3653 39
802 3597 822 3650 f.
853 3595 933 3650 Nach
947 3595 1074 3666 Ludolph
1092 3614 1148 3651 von
1160 3595 1293 3651 Sudheim
1307 3597 1390 3667 (1336

241 3683 285 3736 bis
305 3683 383 3750 1341)
403 3687 476 3738 were
493 3682 576 3738 hcine
593 3685 690 3754 eigene
710 3684 852 3740 erlaubniu
871 3684 953 3754 notig
971 3701 1105 3754 genesen,
1134 3684 1173 3737 »si
1192 3684 1332 3738 transiens
1351 3685 1391 3738 sit

240 3769 396 3838 religiosus,
416 3770 460 3824 vel
479 3770 502 3824 ai
521 3774 611 3841 puter,
631 3776 722 3828 mater
741 3776 791 3826 aut
815 3773 920 3827 amicus
939 3773 1055 3827 alicuius
1073 3772 1178 3828 ibidem
1197 3772 1390 3826 infirmaretur

240 3857 285 3913 vel
304 3859 404 3926 captus
417 3858 616 3913 detineretur«.
655 3861 756 3929 Deylrs,
776 3859 924 3930 Ludclphi,
945 3860 1060 3916 rectoris
1073 3860 1205 3916 ecclesiae
1216 3857 1389 3930 parochialis

239 3945 269 3999 in
288 3945 413 4000 Suchem.
444 3945 484 4000 De
495 3945 596 4002 itinere
609 3953 702 4003 terrae
714 3951 836 4004 sanctae.
866 3949 1019 4018 Stnttgart.
1050 3948 1390 4006 Litterar.verein1881.

240 4031 324 4098 XXV,
350 4036 374 4088 3.
416 4033 487 4088 Dans
513 4035 559 4090 die
585 4035 735 4106 religionen
760 4037 832 4092 auch
858 4037 904 4092 die
928 4037 1071 4092 erlaubnis
1098 4037 1173 4091 ihrer
1198 4037 1390 4095 ordensohern

239 4120 408 4185 brauchten,
437 4122 531 4192 ergiht
555 4123 613 4178 sich
640 4141 695 4180 von
719 4125 807 4180 selbst
832 4143 883 4180 aus
909 4126 973 4180 dem
1000 4125 1120 4195 gelbbde
1143 4127 1191 4180 des
1216 4126 1390 4196 gehorsams.

240 4207 256 4260 2
283 4207 439 4263 Jedenlalls
457 4209 535 4264 mihi.
640 4210 917 4282 3Nuncupatorum.
1014 4213 1126 4267 ddicti.
1219 4215 1389 4274 5eiusdem.

239 4297 256 4350 6
282 4295 395 4366 Philipp
410 4297 464 4350 mit
475 4297 529 4353 den
542 4297 691 4354 heinamen
712 4299 873 4370 »ingenuus
892 4300 1022 4364 nobilis«,
1041 4302 1111 4356 sohn
1125 4299 1244 4371 Ludwig
1257 4303 1303 4368 lV,
1324 4305 1389 4374 geb.

240 4385 274 4438 14
292 4383 349 4436 luli
370 4384 445 4449 1448,
464 4387 584 4454 regierte
604 4388 671 4442 1476
690 4387 733 4442 bis
753 4389 821 4444 1508
840 4389 895 4444 und
916 4389 995 4443 starb
1013 4407 1059 4443 am
1078 4389 1112 4442 28
1131 4387 1210 4446 Febr.
1233 4391 1308 4446 1508.
