3062 4938
659 325 701 392 25

107 503 240 565 tremens
255 502 382 566 assisto.
429 499 493 566 Ora
513 523 573 586 pro
597 502 687 568 nobis
702 502 805 568 filium
821 507 922 582 tuum,
946 508 982 568 ut
1006 527 1067 570 non
1083 508 1253 572 seeundum

108 609 230 688 peecata
246 609 360 671 nostra
373 606 473 670 faciat
488 606 590 686 nobis,
613 607 667 672 sed
689 628 779 672 suam
794 607 934 690 gratiam
956 611 989 672 et
1005 611 1254 676 misericordiam

106 712 191 776 uobis
213 711 311 778 hodie
333 713 498 778 ostendet<
514 711 534 775 ¹.
582 711 624 777 Et
646 713 684 776 ad
708 711 837 778 Ihesuvn
859 713 940 779 dixi:
968 713 1015 779 »Ο
1038 717 1120 781 bone
1142 715 1253 780 lhesu!

105 816 287 898 opiissime
310 815 427 882 ihesu!
450 839 544 902 parce
567 818 659 882 nobis
681 822 713 882 et
736 840 775 882 ne
799 819 1000 905 derelinquas
1022 825 1096 886 nos!
1130 820 1255 886 Adiuva

106 943 158 986 nos
180 928 319 1008 propter
341 924 476 1009 gloriam
499 924 637 989 nominis
659 925 723 1003 tui,
746 928 779 988 et
801 924 904 988 libera
926 927 1046 990 nesab
1069 925 1128 991 hao
1150 926 1253 990 tribu-

105 1026 230 1107 latione,
255 1029 307 1094 vel
330 1029 444 1094 saltem
467 1030 596 1094 omnino
619 1029 802 1109 decreveris,
825 1053 876 1094 me
899 1031 1054 1095 sustinere
1071 1031 1252 1096 tribulatio·

106 1155 182 1212 nem,
206 1134 295 1199 sieut
317 1135 475 1214 demerui,
509 1137 549 1199 da
570 1134 650 1199 mihi
674 1134 880 1218 patientiam,
911 1135 951 1198 da
972 1134 1051 1199 mihi
1075 1135 1254 1200 voluntarie

105 1243 230 1323 portare
256 1239 373 1317 omnia,
398 1261 459 1323 que
481 1239 562 1304 mibi
578 1239 786 1322 imposueris;
810 1241 867 1308 fiat
882 1239 1029 1305 voluntas
1052 1244 1108 1304 tua
1130 1263 1255 1326 semper

107 1346 134 1408 in
158 1367 241 1410 me«
292 1344 334 1408 Et
355 1345 401 1409 sio
416 1345 574 1430 resignavi
597 1367 648 1409 me
670 1345 738 1410 deo.
784 1344 827 1408 Et
850 1345 926 1430 quid
943 1349 1049 1410 actum
1071 1349 1118 1410 est
1131 1347 1254 1412 audite!

106 1448 143 1514 nt
158 1451 232 1535 quis
249 1449 379 1514 audiens
395 1448 529 1528 dubitat,
553 1469 616 1513 non
633 1448 742 1513 fecisse
758 1448 851 1514 deum
867 1449 1058 1514 miraculum
1080 1473 1138 1534 per
1153 1451 1253 1516 inter-

105 1557 277 1621 cessionem
300 1577 355 1619 sue
378 1553 543 1639 genitricis
565 1553 685 1631 Maria,
720 1576 781 1639 que
811 1556 877 1618 suis
899 1556 1107 1620 servitoribus
1130 1577 1254 1640 semper

105 1661 245 1726 finaliter
268 1659 390 1724 assistit
422 1661 454 1724 in
478 1659 765 1725 tribulationibus?
810 1659 894 1724 Nam
925 1661 1035 1726 statim
1058 1660 1152 1726 affuit
1173 1661 1253 1726 mihi

104 1766 211 1830 divina
233 1765 403 1831 clementia
426 1769 457 1829 et
480 1765 564 1830 letus
588 1763 635 1850 [p.
657 1766 710 1848 13]
734 1767 850 1830 accessi
874 1766 1016 1830 homiues
1039 1767 1073 1830 in
1089 1770 1182 1850 porta
1205 1787 1253 1830 ae·

105 1870 226 1950 dentes,
248 1870 392 1936 salutans
407 1892 460 1936 eos
475 1870 613 1934 dulciter
635 1871 851 1956 progrediens.
899 1871 1028 1956 Ipsique
1045 1871 1254 1936 resalutantes

107 1977 235 2060 penitus
259 1976 341 2041 nihil
365 1975 450 2040 aliud
473 1975 637 2054 dicabant,
669 1997 727 2041 nec
750 1977 821 2061 quis
844 1977 1009 2060 probibuit
1032 1977 1254 2062 ingredientes,

106 2082 156 2146 sed
180 2081 261 2146 dum
283 2101 408 2144 eramus
430 2081 518 2145 intra
540 2085 677 2164 portam,
700 2083 789 2148 veuit
805 2083 944 2168 quidam,
968 2105 1004 2148 ac
1026 2083 1052 2145 si
1077 2085 1157 2146 esset
1181 2101 1253 2163 por·

104 2187 256 2264 muamus,
279 2185 421 2250 dicebat:
458 2185 640 2262 »Quomodo
668 2188 837 2254 intrastis?
867 2188 950 2264 Quid
973 2191 1021 2252 est
1043 2187 1124 2252 hoc?
1165 2183 1255 2250 Unde

104 2293 279 2357 venististir
320 2291 389 2376 Ego
404 2293 530 2375 trepido
545 2293 638 2357 corde
655 2295 802 2377 respondi
817 2293 1023 2378 simpliciter;
1047 2292 1135 2358 nolui
1152 2291 1254 2356 dicere

104 2397 326 2476 mendacium,
359 2400 391 2462 et
414 2397 496 2461 dixi:
534 2396 621 2462 »Nos
652 2399 795 2464 venimus
830 2400 868 2464 de
892 2397 1093 2465 Vincentia«.
1139 2397 1255 2462 Statim

103 2502 203 2582 siluit,
229 2501 312 2566 nihil
326 2501 413 2567 aliud
430 2502 520 2582 dixit,
545 2507 577 2568 et
598 2503 632 2568 in
650 2527 727 2588 pace
749 2527 807 2570 uos
822 2506 952 2571 dimisit.
999 2505 1098 2569 Venit
1120 2507 1153 2568 et
1175 2503 1255 2567 alter

103 2609 204 2676 laicus
226 2609 387 2674 modicum
410 2607 498 2674 ultra
521 2609 554 2673 in
577 2607 693 2693 plateass
717 2615 749 2675 et
771 2611 949 2676 mirabatur
966 2609 1151 2694 plurimum,
1175 2630 1254 2692 quo·

105 2715 198 2780 ruodo
222 2713 551 2780 nos.intromisissent
573 2716 763 2794 daciatores;
798 2721 879 2782 esset
909 2721 1015 2782 tamen
1046 2717 1158 2780 stricte
1180 2735 1254 2796 pro·

105 2819 255 2884 bibitum.
301 2818 370 2903 Ego
388 2819 476 2885 dixi:
513 2817 661 2884 »Domini
685 2821 717 2884 in
742 2824 836 2904 porta
866 2843 922 2885 noa
944 2820 1083 2885 libenter
1105 2818 1254 2883 intromi-
1308 2883 1314 2894 ,

105 2929 247 2991 serunt«.
295 2923 336 2988 Et
358 2923 441 2989 idem
473 2945 531 2989 nos
553 2925 644 2988 duxit
671 2925 709 2990 ad
733 2929 941 3004 conventum,
974 2925 1050 3011 quia
1071 2924 1161 2990 valde
1184 2945 1254 2988 sero

107 3031 169 3097 fuit
191 3031 313 3109 sabato,
337 3033 368 3094 et
390 3029 428 3096 de
443 3051 535 3095 mane
557 3033 626 3094 erat
641 3030 759 3096 festum
778 3029 929 3096 Undecim
944 3031 1070 3096 milium
1092 3029 1254 3115 virginum

108 3141 141 3202 et
161 3139 203 3202 20
226 3137 277 3202 die
300 3135 416 3200 mensis
432 3135 590 3201 Octobris.
637 3135 677 3201 Et
699 3136 733 3200 in
755 3139 912 3202 conventu
934 3158 1042 3202 omnes
1058 3138 1176 3219 patres,
1200 3135 1254 3220 qui

108 3243 275 3308 audierunt
299 3261 356 3306 nos
378 3240 500 3306 venisse
533 3241 572 3304 de
596 3239 757 3322 Venatiis,
787 3242 897 3307 mirati
920 3245 996 3306 sunt
1018 3241 1194 3324 plurimum
1217 3241 1255 3304 de

109 3347 243 3411 introitu
266 3347 420 3428 dieentes:
448 3345 630 3422 »Quomodo
653 3347 797 3412 intrastis
812 3347 1000 3414 civitatem?
1034 3346 1111 3422 Quis
1134 3347 1256 3411 adiuvit

110 3455 184 3516 voa?
208 3449 343 3515 Dixistis
358 3450 441 3516 forte
455 3452 676 3517 mendacium?
701 3451 838 3518 Dedistis
854 3453 990 3518 fidem?‹
1030 3450 1147 3516 Nullus
1170 3452 1255 3518 enim

179 3626 192 3680 l
213 3622 308 3679 Dieaes
326 3623 411 3694 gebet
429 3624 540 3679 stimmt
563 3625 594 3679 in
612 3625 667 3682 den
686 3626 883 3682 vvesentlichen
901 3625 1029 3696 pnnkten
1055 3626 1184 3682 vortlich
1202 3627 1256 3682 mit

110 3711 171 3766 dem
190 3709 363 3775 bekanuten‚
381 3711 412 3765 in
430 3711 479 3767 der
497 3712 577 3769 leeth.
590 3713 657 3769 vvelt
674 3715 738 3769 sehr
751 3713 940 3771 verbreiteten
953 3713 1053 3784 gebete
1068 3713 1253 3770 ›Memorare‹

110 3797 233 3854 uberein.
272 3799 321 3852 Ale
340 3798 477 3854 variasset
495 3799 584 3856 dieses
603 3801 717 3872 gebetee
736 3803 830 3858 vvurde
847 3802 877 3856 in
891 3801 1022 3856 lrl‘rheren
1039 3800 1129 3857 aeiten
1148 3801 1197 3855 der
1216 3802 1254 3856 hl.

111 3884 252 3941 anhaffi
267 3901 321 3942 von
335 3883 487 3942 Glairvanx
499 3889 665 3957 angeeehem
678 3905 780 3946 neuere
792 3890 915 3947 lorscher
927 3889 1063 3960 dagegen¹
1083 3908 1105 3947 a.
1119 3888 1145 3945 b.
1159 3887 1256 3942 Helela

112 3974 147 4027 im
166 3971 394 4029 llirchenlexieon
414 3991 468 4030 ven
482 3975 679 4033 Weta.·Welte
691 3978 724 4042 ll,
737 3979 790 4036 414
807 3979 867 4034 und
886 3977 957 4034 Beat
971 3979 1083 4035 ltohner
1101 3980 1131 4032 in
1150 3977 1254 4032 seinem

112 4059 210 4124 verte,
241 4059 334 4115 Maria
361 4060 418 4116 oud
446 4061 557 4134 Jorepln
586 4064 755 4123 llinsledeln.
784 4066 950 4123 bezeichnen
980 4067 1034 4121 den
1061 4066 1109 4121 sel.
1131 4065 1254 4119 Bernard

111 4145 229 4212 Claude,
256 4147 305 4203 der
322 4148 362 4202 im
376 4149 460 4218 Jahre
480 4152 547 4207 1588
565 4153 688 4223 geboren
705 4153 752 4221 ist,
771 4155 815 4210 als
834 4155 888 4211 den
908 4157 1045 4212 versasser
1064 4154 1112 4210 des
1131 4153 1254 4224 gabatas.

111 4237 177 4294 nae
196 4239 267 4294 auch
285 4237 361 4294 dieas
388 4239 498 4294 ansiebt
526 4240 597 4312 irrr'g
616 4241 673 4296 und
702 4241 753 4296 des
779 4243 863 4313 gebat
883 4243 938 4298 viel
966 4243 1039 4297 tlter
1058 4241 1110 4306 ist,
1139 4241 1254 4298 beweist

112 4343 206 4382 ansere
235 4327 324 4383 stelle.
362 4325 512 4383 Vielleiobt
530 4328 581 4384 lrat
600 4328 726 4386 Beruard
744 4329 850 4387 Glande
868 4330 920 4384 des
938 4327 1152 4399 ursprllngliclre
1170 4327 1255 4399 gebat

113 4416 196 4471 etwas
214 4416 356 4473 erveitert
375 4415 433 4472 und
452 4415 509 4472 viel
527 4435 576 4472 aur
595 4417 778 4488 verbreitnng
796 4418 940 4474 desselben
958 4414 1149 4486 beigetragen.
