3054 4942
792 327 857 396 200

251 505 317 570 vias
338 504 430 569 valde
453 501 640 579 indirectas,
668 502 736 586 jam
767 503 806 566 ad
841 503 996 567 orientem
1030 524 1113 569 nunc
1144 505 1182 570 ad
1206 503 1398 589 aquilonem,

248 611 315 694 jam
337 611 377 675 ad
400 609 595 674 occidentem
618 629 703 672 nunc
725 608 764 672 ad
787 613 950 685 austrum,
986 611 1017 672 et
1039 607 1118 673 facti
1141 614 1216 673 sunt
1238 609 1401 693 peregrini

251 715 387 779 multum
412 713 524 779 tediosi
547 719 783 777 murmurantes
806 715 838 776 et
861 712 1066 796 suspicantes,
1101 715 1184 798 quod
1206 713 1310 779 Mauri
1333 718 1399 778 stu-

251 821 337 885 diose
353 841 405 883 eos
421 820 572 883 ducerent
588 818 620 880 in
637 818 762 882 deserto
780 818 799 883 ¹.
834 815 973 882 Tandem
988 819 1189 901 pervenimus
1204 824 1295 884 extra
1309 840 1399 884 mou-

251 931 299 989 tes
320 925 405 990 circa
427 922 538 988 horam
560 923 697 1006 primam
720 923 759 987 ad
774 943 922 1006 campum
937 923 1028 988 valde
1054 945 1207 1008 maguum
1231 925 1399 988 habentem

252 1031 285 1094 in
309 1029 472 1113 opposito,
505 1033 541 1091 ut
564 1029 728 1108 dicebant,
759 1031 900 1092 montem
925 1027 1031 1113 Synai.
1078 1029 1120 1094 Et
1153 1031 1186 1093 in
1209 1029 1266 1094 illo
1290 1049 1401 1112 campo

251 1134 418 1198 suscitavit
440 1132 595 1217 dyabolus
617 1132 690 1197 lites
713 1137 745 1197 et
767 1132 939 1197 discordias
962 1133 1046 1198 inter
1070 1134 1189 1198 milites
1211 1134 1399 1198 societatum

252 1241 385 1304 duarum
398 1235 421 1301 ².
467 1235 550 1301 Nam
574 1259 637 1301 una
660 1238 793 1302 societas
815 1237 992 1320 inculpavit
1025 1237 1139 1316 aliam,
1174 1239 1257 1322 quod
1281 1237 1402 1322 promi·

253 1343 368 1406 sissent
391 1341 558 1424 pecuniam
582 1341 657 1405 dare
679 1340 818 1418 Mauris,
852 1346 889 1404 ut
918 1342 982 1405 cito
1006 1343 1196 1406 ducerentur
1227 1344 1265 1406 ad
1296 1343 1400 1407 locum

251 1451 359 1511 sancte
374 1445 567 1525 Katherine‚
591 1444 647 1509 alii
671 1445 830 1524 dixerunt,
854 1446 935 1530 quod
960 1447 1022 1529 ipsi
1046 1447 1213 1529 pecuniam
1236 1447 1401 1530 promisis-

252 1557 333 1632 sent,
355 1558 391 1615 ut
414 1551 568 1615 morosius
590 1551 731 1615 facerent
752 1555 885 1634 propter
909 1552 1093 1635 peregrinos
1117 1553 1280 1632 infirmos,
1309 1557 1402 1615 etex

252 1657 317 1722 illia
338 1659 443 1723 verbis
469 1662 677 1723 surrexerunt
698 1664 788 1722 tante
811 1657 965 1722 discordie
988 1663 1020 1722 et
1043 1659 1135 1739 lites,
1166 1660 1248 1744 quod
1273 1659 1402 1723 descen-

254 1763 370 1828 derunt
392 1763 430 1827 de
452 1761 559 1839 asinis,
583 1768 616 1826 et
642 1763 819 1844 evaginatis
842 1763 957 1846 gladiis
972 1767 1181 1827 cucurrerunt
1196 1765 1345 1828 adversus
1367 1784 1402 1826 se

252 1872 374 1948 mutuo,
398 1871 429 1932 et
454 1867 516 1930 nisi
538 1866 641 1931 Mauri
665 1868 799 1930 fuissent
823 1868 1054 1948 intercessores,
1077 1889 1139 1932 uon
1157 1867 1298 1948 dubium,
1323 1867 1402 1952 quin

253 1971 347 2036 multi
370 1971 504 2037 fuissent
527 1972 584 2036 lesi
607 1971 655 2035 vel
679 1971 850 2039 interfecti.
898 1972 938 2035 Et
960 1973 1075 2036 sedatis
1098 1994 1157 2056 pro
1181 1979 1271 2058 parte
1294 1973 1399 2037 adhuc

254 2099 317 2143 non
342 2077 531 2162 quieverunt
558 2076 747 2142 contendere
769 2076 890 2153 verbis,
924 2076 1081 2140 dicentes:
1119 2076 1294 2141 »Nolumus
1317 2075 1401 2140 vos⁸

252 2181 391 2266 opprimi
406 2203 425 2244 a
440 2182 569 2257 vobis‹;
594 2181 649 2244 alii
666 2180 912 2263 responderunt:
940 2179 1025 2245 »Nec
1046 2203 1102 2245 nos
1117 2182 1263 2246 volumus
1278 2203 1297 2244 a
1313 2181 1403 2245 vobis

254 2287 322 2370 pati
345 2285 529 2349 iniuriam«.
575 2283 731 2348 Finaliter
753 2291 860 2348 tamen
884 2305 943 2368 ego
960 2307 1034 2350 voce
1055 2285 1122 2350 alta
1146 2292 1178 2350 et
1200 2285 1401 2350 lamentabili

255 2391 426 2457 acclamari
450 2394 587 2468 tantum,
609 2389 770 2453 animonui
794 2394 946 2474 utrasque
968 2391 1151 2470 societates,
1174 2398 1211 2454 ut
1232 2394 1403 2474 parcerent

254 2495 425 2578 sibiipsis,
460 2497 494 2558 et
516 2495 666 2557 timerent
707 2494 809 2573 deum,
845 2503 877 2558 et
900 2517 940 2558 ne
963 2496 1133 2578 perderent
1155 2497 1201 2559 sic
1223 2497 1344 2560 animas
1368 2501 1402 2560 et

252 2621 395 2684 corpora,
418 2605 450 2662 et
473 2600 629 2683 quomodo
652 2601 756 2662 esseut
777 2601 811 2662 in
835 2600 982 2664 manibus
1004 2600 1217 2680 inimicorum,
1242 2603 1296 2686 qui
1320 2621 1401 2684 gau·

254 2707 364 2770 derant
380 2706 418 2769 de
433 2705 592 2770 discordia
607 2725 724 2769 eorum.
759 2703 847 2768 Tunc
863 2705 1031 2784 siluerunt,
1048 2707 1283 2790 acquiescentes
1297 2706 1404 2770 verbis

253 2811 348 2889 meis3
380 2811 445 2874 dixi
468 2831 611 2894 quoque,
645 2815 682 2873 ut
707 2812 819 2874 darent
842 2831 966 2874 causam
991 2811 1029 2874 ad
1052 2833 1165 2876 manus
1188 2812 1341 2888 duorum,
1373 2817 1406 2874 et

254 2915 408 3000 quidquid
425 2915 472 2980 illi
488 2913 640 2993 facerent,
664 2918 749 2978 stare
765 2915 926 2994 deberent,
943 2917 1025 3000 quod
1041 2921 1073 2979 et
1089 2914 1245 2996 feccrimt,
1269 2923 1301 2980 et
1317 2915 1403 2980 facta

815 3019 832 3051 «ι

253 3091 320 3145 sein.
356 3089 407 3143 Die
423 3089 515 3158 pilger
528 3103 622 3142 waren
641 3105 688 3140 um
706 3086 781 3142 dieas
794 3089 931 3157 tageszeit
948 3105 999 3142 aus
1011 3087 1074 3141 dem
1089 3087 1227 3142 detlichen
1239 3087 1312 3143 wadi
1325 3088 1405 3144 Solef

252 3179 297 3233 ins
315 3177 388 3232 wadi
408 3175 588 3232 esch-Schech
601 3175 866 3245 hereingekommen
884 3177 941 3230 und
960 3177 1098 3230 befanden
1118 3176 1175 3230 sich
1195 3194 1232 3231 an
1250 3176 1300 3231 der
1312 3175 1404 3240 stelle,

256 3283 327 3322 ‚von
345 3284 387 3321 vvo
406 3282 457 3319 aus
476 3264 533 3318 sich
551 3264 600 3318 der
615 3265 686 3334 Berg
704 3263 734 3318 in
752 3263 842 3318 seiner
860 3279 969 3333 ganccn
984 3263 1119 3333 Majestttt
1138 3263 1192 3318 den
1206 3263 1320 3319 Blicken
1339 3263 1404 3317 dar·

253 3355 367 3408 hietat«.
393 3352 478 3406 Baed.
497 3352 557 3409 513.
570 3353 630 3407 537.
650 3353 814 3416 lib-Gotho,
831 3350 892 3405 Pal.
912 3351 947 3414 II,
966 3352 1026 3408 353.
1064 3351 1118 3406 Der
1131 3369 1213 3406 nams
1226 3351 1330 3420 Tyran,
1349 3351 1404 3406 den

252 3441 312 3495 ihm
331 3439 461 3494 Walther
480 3439 573 3509 gicht,
599 3441 701 3495 beruht
721 3439 821 3494 hdchst
839 3439 1071 3494 wahrscheinlich
1090 3439 1142 3493 auf
1157 3439 1233 3493 einer
1253 3439 1404 3493 verwschs-

253 3530 325 3597 long
351 3527 399 3582 des
418 3543 535 3582 namens
562 3527 611 3582 der
640 3545 685 3582 am
705 3527 771 3582 fussc
797 3527 844 3581 des
873 3527 971 3598 berges
990 3527 1144 3598 gelegencn
1163 3541 1227 3582 oasa
1246 3525 1332 3580 Firan
1350 3525 1405 3580 mit

253 3616 317 3670 dem
335 3631 438 3670 naman
456 3615 504 3669 des
520 3613 619 3682 berges
637 3615 731 3669 selbst.

327 3707 338 3758 1
359 3701 410 3756 Die
426 3701 519 3770 pilger
531 3700 645 3756 worden
663 3701 742 3756 nicht
760 3701 815 3756 den
828 3702 958 3757 dirslrtcn
971 3719 1033 3770 weg
1052 3701 1139 3755 durch
1158 3701 1208 3755 das
1222 3701 1296 3755 wadi
1310 3701 1404 3757 Sahab

254 3792 323 3846 siber
340 3790 394 3845 den
413 3789 542 3842 el-Hawa
559 3806 624 3858 pass
644 3807 681 3843 an
700 3788 754 3843 den
772 3789 850 3844 Sinai
869 3791 985 3858 gefdhrt
1011 3789 1095 3859 (wohl
1114 3788 1177 3843 weil
1196 3788 1323 3844 dersslbe
1340 3789 1404 3844 sehr

253 3876 450 3932 besohwerlicb
467 3877 513 3930 ist.
542 3874 709 3940 ΙΙΙ-(ἱππ,
728 3874 789 3930 Pal.
808 3877 843 3940 Il,
862 3877 913 3932 353
932 3877 962 3941 f.)
990 3877 1110 3932 eondsrn
1137 3876 1224 3931 durch
1253 3875 1304 3931 das
1323 3877 1403 3932 balb·

254 3965 447 4034 lrreistbrmige
464 3962 538 4018 wadi
557 3961 738 4017 esch-Sohech
765 3963 819 4017 mit
847 3965 941 4019 seinen
960 3964 1051 4019 vieleu
1078 3965 1299 4034 krv'lmmungen:
1328 3969 1403 4020 ›tac-

254 4054 344 4109 diosos
363 4051 493 4107 circuitus
511 4049 650 4105 fecimus«.
679 4051 762 4106 Fabri
782 4051 816 4116 ΙΙ,
836 4055 886 4106 444
905 4053 924 4106 f.
1029 4055 1046 4106 2
1079 4053 1114 4107 Es
1132 4070 1227 4108 waren
1250 4053 1295 4108 die
1312 4053 1404 4123 pilger

255 4141 410 4210 eigantlich
428 4140 458 4193 in
477 4138 537 4192 drei
550 4139 697 4194 societates
711 4141 823 4210 geteilt;
843 4141 881 4195 da
899 4141 966 4196 aber
980 4143 1052 4198 nach
1064 4141 1148 4196 Fabri
1160 4141 1196 4206 II,
1211 4141 1276 4195 107:
1296 4141 1403 4210 »prima

255 4233 285 4283 et
304 4228 424 4283 secunda
446 4227 565 4282 societas
583 4243 691 4296 semper
710 4229 793 4281 simol
815 4232 987 4294 manserunt,
1007 4229 1054 4284 sed
1074 4229 1161 4283 tertia
1173 4229 1309 4283 remansit
1327 4229 1403 4282 simi·

255 4317 345 4378 liter«,
359 4333 388 4370 so
402 4315 479 4370 kann
489 4315 621 4370 Walther
630 4331 703 4385 gana
716 4319 769 4385 gut
778 4331 834 4370 von
844 4318 911 4372 arvei
921 4315 1067 4373 societates
1078 4317 1220 4388 spreohen.
1275 4317 1291 4370 3
1303 4315 1402 4372 Jeden·

255 4403 321 4457 falls
341 4421 431 4460 »nos«.
