3054 4942
836 349 902 415 206

295 525 423 590 eandem
447 525 639 610 speluncam.
689 525 765 589 ltem
802 525 891 589 iuxta
923 525 1053 590 eandem
1082 525 1266 609 speluncam
1297 528 1345 590 est
1380 546 1442 588 una

294 630 478 714 latapetra,
501 631 534 694 in
551 651 613 712 qna
636 633 683 694 est
701 628 803 694 forma
818 628 957 694 hominis
973 629 1114 696 iacentis.
1161 628 1203 694 Et
1219 629 1345 694 dicunt:
1368 629 1442 692 dnm

295 735 399 818 primo
423 735 548 819 Moyses
570 735 652 798 vidit
675 735 855 813 dominnm,
886 738 918 799 et
941 735 1132 818 loquebatur
1162 733 1239 812 sibi,
1269 737 1345 798 tnnc
1367 754 1442 816 pro·

296 839 411 903 stravit
433 861 466 904 se
488 844 563 904 ante
584 839 747 903 dominnm
770 859 865 922 super
889 837 1000 902 faciem
1023 859 1122 918 suam,
1147 841 1179 902 et
1199 837 1275 902 inde
1290 837 1443 901 remansit

293 945 463 1028 vestigium
487 945 628 1028 eorporis
653 944 703 1009 sui
719 943 740 1008 ¹.
786 943 828 1008 Et
861 944 893 1007 in
918 944 1065 1008 omnibns
1099 944 1170 1008 istis
1192 943 1271 1008 locis
1295 947 1370 1007 sunt
1392 943 1442 1006 in·

295 1049 460 1133 dulgentie
482 1053 604 1133 septem
634 1071 790 1114 annorum
823 1053 857 1113 et
887 1053 938 1114 tot
961 1050 1246 1134 quadragenarum.
1293 1046 1332 1112 In
1355 1047 1443 1112 exitu

295 1154 390 1218 etiam
414 1155 535 1238 capelle
558 1155 597 1219 ad
619 1177 750 1219 manum
766 1154 928 1218 sinistram
951 1159 1000 1218 est
1021 1156 1155 1238 quedam
1178 1154 1299 1231 domus,
1322 1152 1356 1216 in
1381 1173 1444 1236 qna

294 1257 532 1324 communiter²
565 1265 730 1326 morentur
762 1263 824 1326 duo
856 1259 974 1326 fratres
1008 1262 1046 1326 de
1070 1259 1189 1326 Grecis.
1236 1259 1278 1324 Et
1306 1258 1444 1324 visitatis

297 1365 343 1428 sic
365 1365 442 1430 locis
477 1371 509 1431 et
531 1366 624 1431 dictis
647 1367 844 1432 orationibus
867 1389 1028 1452 parvaque
1062 1367 1147 1432 facta
1170 1365 1341 1430 collatione
1370 1366 1444 1428 ante

294 1470 448 1553 capellam
462 1467 487 1549 Ι,
519 1472 735 1537 descendimus
769 1473 808 1536 ad
831 1473 1025 1538 occidentem
1059 1472 1098 1536 ad
1126 1471 1291 1535 sinistram
1313 1488 1444 1532 manum

297 1575 414 1640 montis
438 1598 546 1640 versus
568 1578 681 1642 vallem
706 1577 954 1642 infrementem
977 1575 1074 1663 Synai
1106 1582 1139 1642 et
1171 1580 1312 1640 montem
1335 1576 1445 1637 sancte

296 1679 508 1749 Katherine⁴.
554 1682 597 1747 Et
628 1682 662 1746 in
685 1684 834 1747 descensu
857 1682 896 1747 ed
920 1682 1116 1747 occidentem
1147 1681 1186 1745 ad
1210 1681 1251 1744 40
1273 1697 1388 1762 passus
1410 1675 1445 1740 in

294 1808 358 1850 nno
381 1787 464 1852 clivo
487 1793 578 1872 petre
601 1793 648 1853 est
672 1811 734 1853 una
757 1789 895 1854 cisterna
916 1809 989 1852 cum
1013 1788 1095 1851 bona
1118 1807 1202 1871 aqna
1230 1787 1263 1849 et
1285 1781 1408 1848 recenti
1421 1780 1445 1845 ⁶.

298 1890 411 1956 Postea
427 1894 642 1959 descendimus
664 1916 763 1979 usque
786 1895 824 1959 ad
840 1894 1027 1978 pomerium,
1051 1893 1134 1977 quod
1160 1893 1207 1955 est
1229 1890 1264 1954 in
1278 1887 1363 1954 valle
1387 1887 1446 1951 sub

294 2003 403 2062 monte
426 2004 533 2064 sancte
556 1998 752 2077 hetherius,
775 1998 808 2062 in
833 2020 895 2084 quo
918 2003 993 2062 sunt
1015 1997 1144 2060 arbores
1167 1996 1361 2059 diversorum
1389 2013 1446 2076 ge·

296 2125 417 2182 nerum,
443 2107 475 2168 et
498 2104 648 2168 dixerunt
669 2103 795 2182 fratres,
820 2104 904 2188 quod
926 2103 960 2166 in
976 2103 1080 2166 tribus
1103 2100 1194 2165 annis
1210 2099 1338 2182 penitus
1360 2097 1446 2160 nihil

292 2210 401 2289 crevit,
425 2231 482 2274 nec
497 2210 635 2295 aliquem
651 2209 790 2274 fructum
814 2231 852 2274 ex
876 2231 913 2274 eo
929 2209 1120 2285 habuerunt,
1143 2206 1196 2271 sed
1212 2203 1447 2288 apparentibus

295 2315 426 2379 floribus
441 2318 596 2379 venerunt
619 2316 739 2380 locuste
755 2315 880 2400 alieque
896 2336 1030 2391 vermes,
1053 2316 1086 2378 et
1101 2313 1333 2376 devoraverunt
1348 2307 1446 2372 flores

297 2503 341 2558 die
361 2504 574 2560 verschiedenen
593 2505 689 2569 soloen,
709 2505 813 2560 welche
831 2504 876 2560 die
895 2505 1012 2576 legende
1030 2504 1084 2558 mit
1101 2503 1164 2558 dem
1174 2501 1323 2572 jddischen
1336 2503 1447 2570 geseta·

293 2591 378 2660 geber
395 2591 426 2645 in
445 2591 623 2662 verbindung
641 2592 747 2662 bringt,
765 2592 840 2647 siche
855 2593 1017 2656 lan-cuens,
1037 2591 1097 2646 Pal.
1116 2590 1149 2654 ΙΙ,
1169 2591 1228 2644 279.

364 2677 486 2736 ISchon
505 2679 573 2734 Lnd.
593 2697 618 2735 v.
637 2679 721 2734 Sudh.
742 2680 775 2732 67
800 2681 880 2748 sagt:
908 2679 1085 2734 »concavitas
1112 2677 1142 2732 in
1169 2675 1317 2732 durissimo
1345 2675 1447 2746 lapide

293 2766 385 2822 adhuc
403 2771 537 2837 apparet,
565 2765 595 2820 in
622 2783 679 2836 qua
697 2767 792 2837 imago
813 2767 929 2836 Moysis,
958 2767 1038 2821 utin
1057 2765 1166 2836 sigillo,
1192 2768 1235 2820 cet
1252 2763 1368 2819 incisa«.
1409 2763 1445 2816 Es

292 2873 368 2910 muse
386 2855 517 2924 dbrigena
544 2854 594 2910 das
624 2855 685 2909 bild
712 2854 783 2911 doch
802 2855 881 2910 nicht
909 2872 962 2924 gar
991 2855 1115 2910 deutlich
1135 2871 1262 2925 genesen
1285 2852 1359 2914 sein,
1379 2851 1446 2906 weil

292 2945 376 3000 Fabri
394 2945 428 3009 ΙΙ,
446 2946 498 3000 458
516 2963 570 2999 nur
589 2962 643 3000 von
664 2944 801 3014 »vestigia
813 2961 951 3014 genuum«
971 2943 1086 3013 spricht.
1122 2942 1165 2996 Ob
1183 2941 1232 2997 der
1254 2941 1347 3010 djebel
1361 2939 1445 2993 Musa

292 3033 419 3086 wirlslich
438 3033 487 3087 der
506 3033 575 3102 berg
592 3033 641 3087 der
661 3032 869 3103 gesctzgebnng
886 3032 937 3094 ist.
956 3032 1028 3087 lasst
1045 3031 1104 3086 sich
1122 3031 1201 3085 nicht
1220 3029 1308 3084 sicher
1326 3027 1446 3083 bestim-

293 3138 364 3176 men.
403 3121 456 3176 Der
475 3121 623 3176 bertihmte
636 3109 817 3191 ligyptologa
830 3121 917 3175 Ebers
936 3121 1002 3174 tritt
1014 3119 1192 3174 entschieden
1212 3117 1258 3171 ldr
1276 3117 1331 3171 den
1342 3114 1446 3170 Serbal

292 3199 354 3271 ein,
374 3207 508 3262 wahrend
526 3207 629 3264 andere
646 3209 793 3280 (darunter
821 3210 891 3264 anch
910 3208 955 3264 die
973 3208 1122 3263 brittische
1141 3204 1446 3272 Sinai-erlorschungs-

292 3295 469 3367 hommision)
489 3299 534 3350 ldr
553 3297 598 3352 die
617 3298 811 3354 traditionelle
823 3299 1002 3368 bsrggrnppe
1021 3296 1092 3362 sind,
1111 3295 1178 3350 aber
1192 3290 1377 3363 grdlltenteils
1396 3291 1445 3346 die

292 3383 380 3452 spitze
398 3383 455 3438 Rae
468 3383 607 3440 esSafsaf
623 3386 669 3439 fiir
687 3386 741 3440 den
753 3385 942 3455 eigentlmhen
960 3385 1030 3455 berg
1048 3385 1098 3440 der
1111 3382 1319 3454 gesetagebnng
1331 3379 1443 3434 balteo.

292 3469 416 3526 theres
435 3472 591 3528 lib-Guthe
610 3474 668 3529 Pal.
688 3475 723 3538 ΙΙ,
742 3477 793 3529 392
814 3473 842 3528 ff.
863 3493 889 3530 n.
909 3491 933 3530 a.
948 3491 981 3538 o.,
1000 3491 1044 3529 wo
1064 3473 1136 3528 auch
1154 3471 1199 3525 die
1217 3465 1444 3536 diesbea'dgliebe

291 3557 438 3614 litteratus·
457 3560 620 3629 ausgeldhrt
637 3562 684 3616 ist.
719 3560 784 3632 Vgl.
804 3563 875 3617 auch
894 3561 994 3616 ZDPV.
1013 3561 1049 3624 11,
1070 3562 1128 3616 loo.
1233 3559 1250 3611 2
1276 3554 1373 3609 l'abris
1391 3571 1443 3609 an·

291 3647 365 3715 gabe
383 3647 419 3713 Il,
437 3649 501 3712 459,
532 3649 595 3704 dass
625 3649 669 3705 bei
696 3650 760 3704 dem
787 3650 917 3719 dortigen
942 3648 1080 3704 kirchlein
1107 3648 1207 3702 immer
1233 3644 1301 3699 snei
1325 3643 1444 3697 mdnche

293 3734 433 3802 wohnten,
453 3735 560 3791 scheint
578 3737 657 3792 nicht
670 3755 762 3808 ganan
779 3756 812 3792 an
831 3739 899 3793 sein.
934 3737 982 3792 Ich
1000 3737 1074 3792 finde
1091 3737 1131 3804 sia
1150 3735 1194 3790 bei
1206 3733 1316 3788 keinem
1330 3731 1441 3785 andern

293 3820 398 3890 pssger,
427 3824 483 3878 und
503 3841 584 3880 wenn
602 3825 648 3880 bei
675 3825 725 3881 der
743 3824 931 3881 anwesenheit
950 3825 1048 3880 Fabris
1066 3823 1207 3878 dieselben
1224 3821 1295 3877 oben
1315 3835 1444 3889 genesen

292 3915 398 3974 waren,
427 3929 458 3967 so
476 3911 575 3966 hatten
603 3912 648 3967 die
666 3913 758 3983 pilger
786 3914 857 3970 doch
882 3913 971 3969 sicher
989 3931 1043 3970 von
1061 3913 1147 3968 ihnen
1174 3912 1219 3967 ein
1238 3909 1330 3980 geldas
1348 3908 1443 3964 haben

291 3995 411 4062 konnen,
430 4015 477 4052 um
498 4015 547 4052 aus
567 3999 616 4054 der
634 3999 765 4069 dortigen
783 4001 902 4056 sisterne
920 4018 1022 4056 wasser
1041 4019 1073 4055 zu
1094 4000 1232 4070 schopfen.
1320 3999 1336 4052 3
1358 3993 1444 4050 Fabri

291 4083 324 4147 ΙΙ,
344 4085 410 4139 46οε
432 4086 620 4141 »consedimus
638 4091 668 4142 et
685 4088 865 4144 collationem
885 4089 1024 4144 fecimus«.
1113 4089 1128 4142 l
1148 4087 1204 4142 Des
1222 4086 1284 4140 thal
1303 4083 1442 4152 el-Ledja,

291 4171 409 4228 welches
427 4173 482 4228 den
500 4174 590 4244 djebel
612 4177 692 4230 Musa
710 4195 774 4233 vom
794 4177 885 4247 djebel
898 4178 1027 4232 el·Humr
1044 4177 1150 4241 trennt,
1169 4175 1227 4230 und
1241 4173 1358 4229 welches
1380 4170 1442 4226 vein

293 4259 402 4314 wahrer
412 4261 667 4331 Reliqniensohrein
685 4265 731 4328 ist,
750 4265 780 4318 in
793 4265 856 4319 dem
870 4266 1059 4320 monchischer
1072 4265 1145 4320 Eiler
1156 4264 1217 4318 eine
1229 4263 1334 4331 heilige
1346 4261 1442 4316 siene

293 4361 330 4398 an
349 4345 394 4401 dis
418 4349 520 4404 andere
538 4351 649 4420 goreiht
667 4351 742 4408 hat«.
780 4351 946 4419 Eh-Gnthe,
964 4353 1024 4408 Pal.
1043 4353 1077 4418 ΙΙ,
1096 4355 1148 4408 390
1167 4352 1187 4408 f.
1268 4353 1283 4404 5
1302 4349 1388 4403 Fabri
1407 4347 1441 4412 ΙΙ,

291 4432 343 4486 459
362 4435 490 4490 erwdhnt
508 4437 553 4493 die
570 4438 689 4495 sisterne
706 4440 736 4495 in
755 4440 878 4510 gleicber
897 4442 985 4497 weiss.
