3054 4944
822 351 886 416 276

278 519 325 584 De
348 521 421 599 hiis,
446 542 508 605 que
531 521 714 587 factasunt
737 520 831 588 lhesu
855 524 888 588 in
912 525 1004 591 domo
1020 526 1168 612 Cayphae
1191 533 1223 594 et
1246 531 1283 594 de
1306 553 1433 596 carcere

799 625 905 692 lhesu.

364 730 476 796 Stante
491 735 595 796 autem
613 731 708 797 Ihesu
732 733 765 795 in
788 736 881 797 nocte
903 733 949 798 sic
965 734 1085 820 ligatus
1101 737 1132 801 in
1150 739 1244 818 atrio,
1267 761 1433 825 quousque

276 837 405 919 negatio
428 836 518 901 Petri
540 835 605 903 fuit
628 837 714 902 faeta
738 887 745 903 .
770 888 778 902 .
804 887 811 901 .
837 839 882 921 [p.
904 840 983 924 235]
1009 893 1016 906 .
1041 892 1048 906 .
1073 891 1081 907 .
1105 843 1199 908 iussit
1214 841 1373 930 Cayphas‚
1396 849 1433 909 ut

276 941 416 1007 ministri
433 943 584 1006 ducerent
608 965 682 1007 eum
705 944 743 1007 ad
760 965 927 1012 carcerem.
973 944 1040 1009 Iste
1056 968 1163 1011 carcer
1186 948 1281 1014 hodie
1297 959 1432 1034 apparet

276 1055 308 1112 et
323 1035 473 1112 visitatur
495 1070 514 1112 a
530 1048 719 1132 peregrinis,
743 1049 776 1112 in
793 1069 855 1134 quo
880 1055 911 1113 et
935 1071 995 1133 ego
1009 1053 1117 1134 sepius
1133 1075 1204 1117 cum
1221 1053 1337 1118 affectu
1361 1077 1430 1120 cor·

275 1153 324 1216 dis
346 1152 557 1236 personaliter
579 1153 636 1216 fui.
683 1152 725 1217 Et
747 1159 824 1218 sunt
846 1153 891 1216 ibi
912 1153 1112 1240 indulgentie
1134 1163 1257 1241 septem
1273 1181 1429 1224 annorum

277 1263 309 1319 et
331 1261 455 1341 septem
477 1279 674 1324 catenarum.

561 1361 610 1427 De
633 1367 743 1428 sancto
765 1363 914 1429 Johanne
937 1366 1152 1450 ewangelista.

276 1469 283 1482 '
365 1466 499 1531 Interim
516 1469 600 1554 quod
616 1467 730 1534 Petrus
746 1471 875 1535 recessit
898 1477 931 1535 et
952 1471 1062 1536 lhesus
1079 1474 1191 1538 duetus
1214 1479 1283 1538 erat
1305 1475 1337 1538 in
1362 1497 1430 1540 car·

276 1595 389 1651 cerem,
415 1575 474 1638 ivit
496 1573 660 1640 Johaunes
683 1577 721 1640 ad
745 1577 905 1640 dominam
930 1577 1023 1641 etad
1047 1579 1147 1643 socios
1171 1579 1204 1642 in
1227 1579 1373 1658 domum,
1397 1579 1428 1642 in

277 1701 339 1763 qua
361 1678 399 1742 de
422 1701 493 1745 sero
509 1679 656 1744 Christus
678 1679 755 1744 fecit
778 1701 887 1744 cenam
912 1681 944 1745 in
970 1686 1077 1746 monte
1092 1681 1188 1768 spon,
1213 1706 1274 1768 que
1296 1705 1359 1750 non
1381 1707 1429 1748 re·

275 1790 363 1850 mota
385 1791 454 1848 erat
477 1807 495 1849 a
518 1787 611 1850 domo
633 1783 772 1870 anphe‚
795 1787 877 1850 sicut
900 1786 994 1852 hodie
1009 1791 1152 1871 apparet.

343 1891 390 1955 De
412 1890 484 1974 hijs,
509 1912 570 1975 que
592 1892 711 1955 iterum
735 1891 820 1955 facta
842 1897 917 1955 sunt
940 1891 1035 1957 lhesu
1057 1894 1091 1956 in
1114 1894 1207 1958 domo
1229 1891 1368 1978 Gayphe.

363 1997 408 2082 [p.
433 1995 510 2080 236]
535 2047 543 2060 .
568 2047 575 2060 .
600 2046 607 2061 .
632 1997 677 2060 ibi
701 1996 765 2060 iam
788 1999 970 2061 constructa
992 2003 1058 2062 stat
1073 1997 1214 2078 eeclesia,
1238 2021 1333 2083 quam
1356 2021 1430 2082 pos·

277 2104 384 2168 sident
407 2101 539 2166 Armeni
565 2151 571 2164 .
596 2153 603 2167 .
631 2152 636 2163 .
662 2104 694 2164 et
718 2101 799 2165 hanc
816 2102 948 2166 visitant
971 2105 1144 2189 peregrini,
1167 2109 1199 2168 et
1221 2109 1297 2168 sunt
1321 2104 1429 2168 indul·

276 2209 402 2294 gentie‚
425 2211 462 2270 ut
484 2205 546 2290 ipsi
570 2207 696 2284 dicunt,
730 2205 903 2289 plenarie.
928 2259 935 2273 .
960 2257 968 2272 .
1014 2206 1116 2292 Super
1137 2230 1296 2273 summum
1329 2209 1433 2274 altare

275 2317 307 2380 in
331 2315 439 2378 eadem
463 2311 595 2376 eeclesia
617 2311 700 2374 iacet
723 2311 783 2374 iste
804 2331 898 2376 sarus
920 2314 972 2377 vel
1002 2313 1100 2398 lapis,
1136 2335 1230 2398 quem
1253 2313 1374 2398 Joseph
1398 2321 1433 2378 et

275 2419 468 2484 Nicodemus
484 2415 693 2481 advolverunt
716 2415 754 2480 ad
771 2417 886 2481 ostium
905 2419 1102 2482 monumenti
1127 2468 1134 2482 .
1160 2469 1167 2482 .
1193 2469 1199 2481 .
1225 2420 1351 2503 quando
1374 2420 1432 2483 do-

275 2525 429 2590 minicum
462 2543 577 2606 corpus
601 2521 696 2585 Ihesu
727 2521 791 2587 fuit
813 2523 1000 2606 sepultum¹
1026 2574 1033 2588 .
1058 2574 1098 2588 ..
1144 2523 1181 2588 In
1217 2524 1274 2588 illa
1298 2524 1433 2589 ecclesia

276 2635 325 2694 est
347 2630 386 2694 ad
404 2649 534 2693 manum
551 2627 693 2691 dextram
710 2627 800 2692 iuxta
815 2628 928 2708 altare,
951 2631 985 2693 in
1003 2651 1065 2713 quo
1089 2640 1136 2691 est
1161 2629 1240 2713 lapis
1255 2629 1431 2712 predictus,
1525 2671 1526 2686 r

275 2758 371 2820 super
393 2755 456 2818 quo
478 2739 510 2797 et
526 2753 586 2815 ego
602 2733 667 2798 dixi
682 2734 822 2812 missam,
846 2735 964 2799 ostium
980 2735 1124 2813 carceris,
1148 2735 1180 2797 in
1204 2755 1266 2818 quo
1283 2733 1432 2798 Christus
1525 2729 1526 2784 ἶ

275 2845 387 2925 captus
410 2839 502 2902 stetit
525 2888 532 2902 .
558 2887 564 2900 .
591 2890 598 2903 .
622 2842 655 2901 et
676 2838 722 2901 ibi
747 2839 833 2902 intus
861 2843 937 2903 sunt
960 2839 1159 2923 indulgentie
1184 2845 1307 2924 septem
1330 2861 1432 2903 anno·
1525 2903 1526 2908 ,

275 2969 346 3011 rum
363 2949 395 3009 et
405 2947 525 3028 septem
538 2963 743 3008 carenacum.
764 2992 771 3006 .
789 2992 796 3006 .
815 2942 862 3008 lbi
879 2944 1059 3008 ostenditur
1074 2945 1173 3009 etiam
1188 2944 1276 3009 locus
1291 2951 1368 3008 ante
1379 2945 1431 3009 in-

275 3075 419 3136 gressum
431 3049 571 3127 ecclesie,
591 3048 644 3112 ubi
655 3049 759 3131 gallus
771 3053 913 3128 steterat,
925 3051 1050 3133 quando
1061 3056 1158 3114 cantu
1167 3051 1276 3136 arguit
1285 3049 1431 3115 Petrum.

396 3155 443 3221 De
466 3157 558 3220 domo
583 3153 692 3238 Pylati
715 3160 747 3217 et
770 3153 808 3216 de
831 3153 904 3230 hiis,
928 3175 988 3237 que
1011 3153 1097 3217 iacta
1119 3161 1195 3219 sunt
1217 3157 1248 3218 in
1274 3177 1318 3219 ea.
1357 3221 1361 3228 ,

367 3261 414 3348 [p.
432 3260 512 3347 237]
538 3309 545 3323 .
571 3310 578 3324 .
603 3310 610 3324 .
634 3261 743 3324 domus
762 3257 866 3344 Pylati
891 3262 960 3323 erat
982 3259 1040 3323 illo
1056 3265 1199 3344 tempore
1222 3261 1312 3345 quasi
1328 3261 1433 3325 altera
1525 3277 1526 3306 ³

275 3373 366 3454 parte
388 3367 538 3446 civitatis,
562 3387 646 3430 nunc
668 3370 774 3428 autern
799 3365 889 3448 quasi
912 3365 945 3428 in
969 3365 1072 3430 medio
1086 3363 1110 3430 ¹.

842 3480 861 3516 s

275 3559 332 3613 und
352 3559 451 3612 schone
470 3556 564 3612 hirche
577 3557 733 3626 gastandan
753 3556 799 3618 sei,
819 3556 923 3611 welche
943 3556 1009 3611 aber
1027 3573 1060 3610 au
1080 3555 1169 3612 seiner
1187 3559 1242 3611 neit
1261 3577 1291 3613 so
1309 3561 1431 3612 serstdrt

275 3667 342 3713 war,
361 3647 425 3700 dass
442 3663 510 3700 man
528 3646 611 3700 lreine
630 3665 695 3716 spur
714 3646 793 3698 mehr
814 3663 866 3699 von
881 3645 926 3698 ihr
945 3643 1098 3713 gewahrte.

348 3738 357 3788 l
380 3733 464 3788 Fabri
486 3735 504 3798 l,
522 3735 574 3789 264
593 3733 621 3788 ff.
646 3732 754 3802 spricht
775 3750 829 3787 von
857 3733 959 3788 diesem
986 3734 1076 3788 steine
1100 3733 1273 3788 auslhhrlieh
1299 3733 1356 3788 und
1384 3735 1432 3789 be·

274 3823 386 3888 richtet,
405 3823 470 3876 dass
489 3839 519 3876 er
540 3822 582 3876 bei
602 3821 692 3875 seiner
710 3823 802 3875 ersten
823 3819 994 3889 pilgerfahrt
1014 3821 1105 3892 (1480)
1123 3823 1153 3874 in
1172 3821 1225 3876 den
1246 3821 1333 3875 besita
1353 3822 1431 3877 einer

276 3911 361 3965 »eatis
380 3928 485 3979 magna
497 3910 604 3980 portio«
627 3907 714 3962 dieses
728 3909 831 3962 steines
845 3909 1011 3978 gekommen
1030 3909 1077 3962 sei.
1113 3909 1238 3963 Neheres
1253 3909 1321 3962 iiber
1334 3909 1429 3964 diesen

275 4001 348 4055 stein
374 3999 449 4054 siehe
476 4001 519 4053 bei
539 3997 632 4058 Toni,
652 3995 718 4065 Top.
737 3996 771 4060 ΙΙ,
794 3998 843 4051 158
862 3995 890 4050 ff.
926 3995 978 4050 Die
996 3996 1104 4060 hirchc,
1132 3997 1235 4051 welche
1253 3996 1338 4050 hente
1357 3999 1430 4052 noch

274 4090 359 4152 steht,
378 4087 430 4142 hat
448 4087 502 4141 den
520 4101 623 4138 namen
643 4081 926 4140 »salvator-hirene«.
1018 4086 1034 4137 2
1053 4083 1104 4138 Die
1118 4083 1283 4152 richtiglreit
1301 4084 1352 4139 der
1370 4089 1429 4139 tra-

275 4177 374 4242 dition,
392 4176 496 4230 welche
515 4173 565 4228 dar
584 4171 654 4226 haus
672 4173 738 4227 oder
756 4171 812 4226 den
830 4171 926 4242 pelast
955 4171 1003 4226 des
1022 4171 1131 4226 Pilatus
1150 4189 1185 4224 an
1213 4171 1263 4225 der
1281 4172 1363 4226 stelle
1381 4172 1429 4226 des

275 4263 410 4332 heutigen
421 4262 518 4328 serait,
532 4259 692 4331 gegenttber
703 4259 752 4314 der
763 4259 969 4315 nordwesteclre
979 4260 1028 4314 des
1038 4258 1339 4312 Herem-escn-soherif
1346 4259 1428 4312 sucht

275 4353 331 4407 und
351 4353 404 4406 seit
421 4352 483 4406 dem
504 4349 640 4404 andedos
661 4347 840 4402 rrenkisehen
853 4347 1045 4416 honigreiches
1064 4347 1196 4402 constant
1215 4344 1260 4406 ist,
1281 4345 1427 4415 behemplt

274 4439 423 4494 besonders
450 4439 535 4508 Sepp,
561 4437 618 4491 Jer.
636 4435 657 4500 Ι,
678 4437 728 4491 176
746 4435 775 4490 ff.
795 4436 853 4489 und
872 4437 984 4504 verlegt
1002 4435 1054 4490 das
1075 4432 1247 4504 praetorium
1265 4432 1295 4485 in
1314 4431 1361 4487 die
1379 4450 1427 4486 un·
