3056 4944
647 326 711 392 129

97 503 158 568 viri
178 503 255 568 boni
280 507 313 568 et
328 503 417 580 iusti,
440 503 664 586 apostatarunt
686 501 781 566 afide
803 505 835 564 et
851 499 971 566 lumine
987 502 1149 582 veritatis,
1171 526 1253 568 unns

97 610 244 674 sacerdos
267 609 395 674 nomine
416 607 572 688 Valerius,
596 607 678 672 alter
701 606 811 692 laycus
826 605 953 670 nomine
971 605 1164 674 Anthonius.
1213 609 1253 673 llt

100 715 205 796 primo
229 714 350 798 laycus,
373 716 407 777 et
429 734 492 778 non
515 719 587 796 post
610 712 729 778 multos
751 713 818 776 dies
833 711 1026 796 sequebatur
1051 719 1083 776 et
1098 715 1252 781 sacerdos.

97 817 154 902 lliy'
180 818 241 882 lilii
258 818 388 902 dyaboli
411 823 443 882 et
464 818 593 902 presciti
610 817 846 902 dampnationis
861 816 1045 882 abiecerunt
1062 823 1179 883 vestem
1202 839 1252 884 re-

96 923 251 1008 ligiosam
274 929 459 1007 respuentes
481 923 581 988 vitam
605 928 757 1001 sanctam,
781 922 975 1004 abnegantes
992 913 1120 987 Ihesum
1143 928 1176 988 et
1198 944 1251 987 ve·

96 1051 168 1094 ram
192 1030 310 1108 iidem,
338 1029 371 1092 in
397 1051 459 1114 qna
481 1027 600 1112 absque
623 1027 720 1092 dubio
742 1027 905 1091 credentes
927 1025 1063 1092 feliciter
1084 1028 1198 1093 vivunt
1221 1033 1253 1092 et

97 1135 184 1198 beati
212 1139 325 1212 erunt,
359 1138 554 1198 assumentes
576 1133 753 1198 doctrinam
782 1131 981 1216 dyabolicam
1015 1137 1047 1197 et
1068 1133 1252 1198 mendosam

96 1240 306 1319 blachometi,
328 1241 520 1304 sustinentes
542 1239 832 1317 circumcisionem,
864 1237 1031 1302 induentes
1054 1259 1251 1323 paganorum

95 1353 232 1410 restem.
279 1345 321 1410 Et
343 1366 412 1409 ecce
429 1343 624 1408 considerate
640 1343 820 1426 diligenter,
845 1342 920 1428 quid
936 1364 994 1426 per
1009 1343 1059 1407 dei
1074 1344 1250 1428 potentiam

95 1451 221 1516 factum
244 1452 303 1515 sit!
339 1451 442 1514 Auibo
464 1449 660 1513 interierunt
691 1450 756 1514 cito
777 1447 1003 1512 miserabiliter
1034 1469 1091 1532 per
1121 1472 1251 1514 manum

96 1556 241 1620 validum
263 1554 383 1619 domini
408 1555 508 1620 nostri
533 1552 628 1618 lhesu
651 1552 781 1620 Christi.
827 1553 868 1618 Et
891 1553 995 1637 primo
1017 1554 1128 1639 laycus
1150 1554 1252 1621 frater

97 1661 294 1726 Anthonius.
342 1657 427 1724 Nam
449 1659 543 1724 ambo
560 1660 768 1724 decreverunt
790 1680 847 1743 per
861 1658 1030 1724 consilium
1046 1661 1174 1745 dyaboli
1197 1683 1250 1726 ex·

95 1767 254 1852 tinguere
278 1769 384 1830 totum
398 1764 503 1828 lumen
522 1763 652 1828 ecclesie
674 1764 709 1827 in
725 1762 890 1828 frutribus.
938 1762 979 1827 Et
995 1762 1104 1847 laycus
1127 1766 1251 1848 accepit

94 1872 225 1936 litteras
248 1868 459 1935 credentialas
491 1870 531 1933 ab
561 1867 752 1934 officialibus
785 1870 818 1932 in
842 1867 1034 1932 Iberusalem
1069 1869 1108 1934 ad
1142 1893 1251 1955 regem

95 1976 268 2040 soldanum
290 1976 325 2038 in
350 1973 467 2058 Magno
490 1973 602 2058 Cayro,
625 1977 662 2038 ut
684 1975 827 2039 crederet
849 1974 916 2038 eius
939 1973 1044 2038 verbis
1069 1979 1101 2040 et
1123 1997 1250 2040 accusa·

97 2081 244 2146 tionibus
261 2083 373 2144 contra
389 2079 504 2144 iratres
520 2080 646 2145 orontis.
686 2079 727 2144 Et
743 2079 864 2144 factum
881 2082 938 2159 est,
962 2079 1036 2144 dum
1052 2079 1115 2143 iter
1130 2080 1250 2145 faceret

96 2187 129 2250 in
154 2187 278 2250 camelo
301 2187 335 2248 et
351 2185 545 2266 pervenisset
568 2188 658 2249 extra
680 2190 800 2250 terram
815 2190 959 2250 sanctam
980 2205 1076 2268 super
1091 2186 1248 2270 quandam

95 2313 211 2376 rupem
226 2290 260 2354 in
278 2290 397 2354 vertice
412 2289 560 2354 altissimi
576 2289 695 2356 montis
710 2290 731 2370 ¹,
754 2291 844 2354 misit
858 2292 945 2368 deus,
962 2297 994 2355 et
1010 2291 1082 2375 quis
1099 2291 1249 2356 dubitat?

95 2397 283 2462 ministrnm
306 2393 526 2460 detestabilem
541 2394 718 2475 sathanam,
743 2397 797 2481 qui
822 2397 854 2460 in
872 2397 978 2461 eadem
996 2397 1115 2461 vertice
1129 2397 1249 2462 montis

96 2503 184 2566 venit
206 2522 281 2565 cum
296 2499 475 2564 vehementi
498 2505 531 2563 et
548 2500 651 2564 valido
671 2505 765 2564 vento
790 2505 822 2564 et
846 2500 923 2564 tulit
946 2523 1018 2566 eum
1041 2502 1154 2581 solum,
1177 2501 1249 2566 aliis

92 2605 277 2672 Sarracenis
299 2604 360 2668 sibi
384 2605 545 2670 associatis
566 2605 765 2684 ridentibus,
796 2610 829 2669 et
850 2607 1057 2690 precipitavit
1080 2629 1153 2672 eum
1176 2629 1248 2672 cum

92 2713 214 2777 camelo
237 2711 271 2774 in
295 2709 486 2794 profundum
510 2710 603 2774 vallis
626 2733 684 2794 per
707 2733 836 2794 rupem,
861 2711 1056 2795 etamplius
1081 2735 1246 2796 nunquam

95 2821 240 2902 repertus
263 2819 312 2880 est
335 2836 392 2880 nec
406 2817 492 2880 visus
506 2837 580 2881 cum
595 2815 724 2882 camelo.
770 2813 813 2880 [dt
835 2817 906 2901 quis
930 2839 993 2880 non
1020 2817 1148 2881 estimet
1172 2839 1243 2881 enm

94 2923 275 3005 proiectum
297 2943 397 3005 usque
430 2922 462 2985 in
485 2922 680 3006 protundum
708 2921 851 2986 inferni?
898 2921 1106 2986 Revertentes
1139 2928 1246 2986 autem

94 3027 143 3092 illi
165 3027 335 3094 Sarraceni
359 3027 508 3091 dixerunt
524 3027 685 3092 ¹iratribus
711 3049 770 3111 pro
793 3027 966 3104 miraculo;
998 3033 1032 3092 et
1054 3028 1101 3092 sic
1122 3027 1248 3092 interiit

93 3271 189 3326 dorne
208 3289 237 3326 66
250 3270 396 3325 manebam
410 3269 569 3324 erwiinacht
586 3269 646 3325 6616
667 3270 753 3325 deren
766 3287 868 3326 namen
887 3289 920 3324 au
933 3271 1072 3326 eriahren.
1108 3270 1157 3325 leh
1174 3270 1248 3326 habe

94 3359 239 3415 disselben
253 3373 304 3412 666
317 3355 418 3412 Wadd.
434 3361 503 3412 466.
518 3373 581 3412 vom
592 3357 674 3424 jahre
691 3357 758 3412 1438
776 3375 814 3411 an
828 3357 870 3411 bis
883 3375 945 3410 zum
958 3357 1089 3413 andedos
1109 3359 1140 3412 15
1151 3357 1246 3428 jahrb.

92 3445 390 3516 zusammengesncht:
420 3443 543 3499 Delficus
564 3443 646 3510 1438,
665 3443 825 3500 1166661166
846 3443 926 3508 1444,
946 3443 1098 3500 Baithasar
1119 3446 1247 3502 1446616

94 3535 171 3600 1455,
194 3530 334 3588 Antonios
351 3532 387 3586 de
399 3531 543 3602 Muguanc
561 3531 627 3586 1465
647 3531 781 3597 6161461,
800 3529 915 3587 Gabriel
933 3533 1062 3588 Messana
1081 3535 1156 3598 1461,
1175 3537 1247 3606 gest.

96 3623 170 3686 1468,
190 3621 290 3676 dassen
309 3618 479 3674 substitutus
498 3619 656 3676 Alexander
674 3618 843 3675 Vincentius
863 3620 906 3674 bis
927 3621 1002 3686 1464,
1022 3620 1126 3677 Paulus
1145 3622 1247 3677 66141-

94 3710 187 3780 66636
210 3709 278 3764 1464
296 3707 430 3774 6161467,
450 3705 610 3762 8666616666
623 3708 785 3763 Placentina
799 3709 866 3763 1467
884 3707 1019 3772 6161472,
1041 3709 1166 3764 Andreas
1179 3709 1246 3763 Par·

95 3799 196 3854 666616
210 3795 424 3860 14726161475,
444 3795 564 3852 7666666
583 3796 618 3850 66
631 3795 805 3850 Alexandria
823 3795 944 3852 1475616
959 3797 1037 3862 1477,
1056 3815 1097 3854 wo
1116 3814 1145 3851 er
1158 3797 1246 3860 starb,

92 3886 190 3942 666666
209 3885 382 3940 substitutus
401 3882 589 3938 Bernardinus
608 3883 642 3938 de
660 3883 773 3952 anmis
793 3883 838 3938 bis
858 3885 941 3948 1478,
959 3885 1103 3941 Johannes
1121 3883 1156 3939 de
1173 3882 1246 3938 Tho-

92 3973 219 4029 mucellis
244 3970 372 4027 1478616
394 3971 467 4034 1461,
487 3970 590 4025 Pardus
608 3970 642 4024 de
661 3969 768 4026 (lanato
790 3969 856 4026 1481
876 3970 918 4025 616
938 3971 1014 4037 1487,
1034 3971 1193 4026 1666616666
1211 3968 1246 4023 66

92 4059 205 4115 Perisiis
226 4059 293 4114 1487
313 4057 356 4113 616
377 4059 456 4124 1489,
486 4057 646 4114 6666616666
666 4057 801 4115 86616666
820 4058 855 4114 66
875 4059 1001 4115 Venetiis
1021 4059 1088 4114 1493
1108 4057 1149 4112 616
1171 4057 1245 4121 1495,

91 4149 218 4218 Angelus
237 4147 372 4216 l‘iyrinenu
392 4146 520 4202 1495616
542 4145 616 4211 1498,
636 4147 775 4202 Antonios
793 4145 829 4202 de
846 4145 951 4217 Regnis
972 4145 1101 4201 1498616
1122 4144 1197 4198 1501.

165 4237 177 4290 1
199 4236 258 4290 Aut
283 4233 348 4288 dem
367 4249 442 4304 wege
459 4251 513 4291 von
532 4233 680 4289 Palastina
698 4235 771 4290 nach
790 4235 874 4292 Kaira
895 4235 990 4289 666166
1018 4233 1077 4288 sich
1096 4229 1243 4286 besonders

91 4323 253 4379 anderhalb
271 4321 431 4376 Pau-tinas
449 4323 534 4378 kaurn
561 4321 607 4376 ein
626 4321 694 4392 berg
712 4321 821 4388 finden,
848 4323 903 4378 den
922 4339 989 4376 man
1019 4319 1063 4376 als
1092 4319 1155 4374 sehr
1173 4317 1243 4373 hcch

91 4410 265 4466 bezeichnen
283 4407 396 4466 kunnu.

163 4516 324 4560 itinerarium.
1068 4500 1087 4564 9
