3054 4942
795 316 859 382 248

249 496 351 561 socius
374 517 479 560 meus:
508 495 643 559 »Eamus
668 495 774 558 videre
806 513 922 558 novum
946 491 1144 570 castellum«,
1175 491 1256 577 quod
1282 489 1401 554 iactum

251 603 320 663 erat
343 605 417 664 ante
439 606 511 666 octo
535 621 635 665 annos
658 621 716 684 per
737 599 840 662 virum
869 599 1078 682 abnegatun13
1108 603 1140 663 et
1162 597 1248 662 facte
1272 593 1403 659 castello

251 705 466 790 pulcherrimo
489 710 522 770 et
537 705 714 770 fortissimo
738 705 829 769 iuxta
845 711 972 788 portum
998 705 1094 768 maris
1117 727 1187 769 eum
1205 702 1349 768 turribus
1372 711 1403 764 et

252 810 399 895 presidiis
421 811 557 896 magnis,
580 817 613 875 et
636 811 718 875 idem
738 810 891 894 magister
913 809 1044 894 collegit
1066 831 1213 894 magnam
1237 807 1402 892 pecuniam

251 919 284 978 et
307 935 450 979 reversus
475 921 522 979 est
557 917 595 982 ad
617 917 775 997 gremium
798 919 905 980 sancte
927 917 1038 980 matris
1062 916 1190 980 ecclesie
1212 913 1369 979 catholice
1382 911 1403 976 ¹.

253 1019 322 1084 Hoc
346 1019 514 1086 castellum
530 1021 635 1087 voluit
659 1022 762 1086 socius
786 1043 874 1085 meus
890 1022 1019 1085 omnino
1034 1021 1149 1086 videre.
1195 1019 1263 1102 Ego
1279 1017 1403 1082 diswasi

251 1124 438 1208 diligentem
473 1126 534 1191 iste
568 1127 734 1210 respondit
761 1127 984 1208 indignantert
1021 1125 1216 1200 »Vadamus3
1248 1145 1309 1206 ego
1341 1122 1404 1186 scio

252 1229 371 1292 Mauris
387 1229 485 1314 loqui,
509 1231 564 1316 qui
580 1231 664 1295 nihil
680 1231 805 1296 faciunt
820 1231 943 1294 nobis«.
991 1230 1033 1294 Et
1055 1232 1100 1294 sic
1115 1231 1230 1295 ivimus
1254 1251 1312 1312 per
1328 1227 1404 1290 litus
1423 1297 1427 1308 ¹

250 1333 348 1398 maris
371 1356 469 1419 usque
492 1337 530 1400 ad
555 1339 690 1401 stratam
715 1358 873 1420 magnam,
898 1357 958 1419 que
978 1336 1066 1399 vadit
1088 1336 1126 1398 ad
1142 1333 1318 1398 castellum.
1365 1331 1405 1394 Et

255 1439 345 1503 iuxta
359 1439 444 1504 viam
460 1442 569 1506 statim
586 1441 737 1525 apparuit
753 1439 903 1504 muschea
919 1443 951 1504 et
965 1439 1134 1523 sepulchra
1148 1437 1404 1504 Sarracenorunr.

256 1543 324 1626 Ego
347 1566 420 1609 cum
435 1546 595 1625 vidissem,
618 1549 736 1612 iterum
762 1547 826 1611 dixi
848 1546 933 1612 socio
954 1567 1039 1610 mee:
1067 1544 1158 1609 »Non
1181 1543 1256 1609 licet
1270 1541 1406 1607 ulterius

252 1649 309 1727 ire,
332 1649 408 1733 quia
422 1649 592 1732 sepulchra
609 1650 791 1716 Maurorum
809 1655 884 1714 sunt
901 1651 977 1727 ibi«,
994 1651 1060 1734 ipse
1077 1671 1150 1714 vero
1165 1649 1266 1714 noluit
1283 1648 1404 1712 sistere.

253 1751 343 1818 Tune
358 1754 463 1818 addidi
480 1755 586 1822 dicens
603 1757 650 1820 ei:
675 1755 789 1820 »Certe
804 1755 952 1834 credatis,
976 1755 1164 1839 penitebit«.
1214 1753 1326 1818 Adhuc
1342 1773 1403 1816 non

252 1859 376 1922 curavit
398 1864 431 1924 et
453 1859 513 1924 ivit
536 1862 692 1926 modicum
717 1867 790 1925 ante
813 1883 882 1937 me3
907 1864 939 1924 et
963 1881 1022 1944 ego
1045 1881 1177 1944 sequens
1198 1857 1403 1923 murmuravi.
1521 1887 1522 1954 3

253 1961 344 2027 'lunc
366 1965 454 2028 venit
476 1987 558 2030 unus
592 1966 685 2050 niger
710 1965 861 2049 Ethiops‚
896 1971 927 2028 et
959 1963 1090 2047 collegit
1121 1985 1253 2048 magnos
1283 1962 1406 2045 lapides
1521 1971 1522 2048 f

252 2089 347 2152 super
370 2069 534 2134 brachium
558 2093 661 2148 suum,
685 2092 815 2136 currens
838 2070 990 2135 velociter
1014 2072 1176 2154 tamquam
1209 2069 1296 2133 canis
1321 2068 1405 2132 rabi·

254 2173 312 2238 dus
334 2180 445 2238 contra
478 2177 596 2240 socium
629 2197 756 2255 meum,
790 2180 822 2238 et
854 2174 996 2239 iactabat
1018 2174 1164 2257 protinus
1196 2175 1227 2237 in
1252 2196 1341 2252 eum,
1375 2177 1407 2238 et

252 2278 364 2360 tetigit
395 2283 514 2344 costam
546 2281 614 2344 eius
649 2280 681 2344 in
707 2280 808 2344 latere
831 2301 901 2344 cum
928 2300 1043 2359 magno
1066 2278 1179 2362 lapide.
1225 2278 1267 2342 Et
1289 2279 1405 2344 iterum

253 2383 363 2447 statim
395 2384 504 2468 tetigit
538 2385 733 2468 superiorem
767 2391 891 2466 partem
924 2384 1025 2448 cruris
1060 2384 1135 2450 eius.
1182 2381 1271 2447 Tune
1303 2386 1405 2448 socius

253 2510 342 2554 meus
363 2489 537 2573 incipiebat
553 2511 741 2574 repugnare,
768 2490 897 2554 Maurus
914 2511 988 2553 vero
1005 2491 1165 2553 clamabat
1187 2489 1259 2553 aliis
1276 2489 1404 2553 Mauris.
1521 2543 1522 2546 ,

254 2592 432 2658 decurrens
449 2615 539 2672 unus,
554 2616 613 2678 ego
630 2595 757 2676 fugiens
774 2593 906 2658 clamavi
924 2593 1051 2658 fortiter
1067 2594 1104 2657 ad
1122 2594 1257 2658 socium:
1281 2591 1407 2676 ›Fuget

254 2698 331 2782 fuge
346 2698 513 2763 velociter!
536 2699 618 2763 nihil
635 2700 772 2782 proficis,
796 2699 850 2764 sed
872 2699 975 2780 magis
998 2719 1050 2762 eos
1067 2702 1178 2762 contra
1194 2719 1249 2762 noe
1265 2697 1405 2762 irritas«.

254 2802 297 2866 Et
319 2802 441 2868 demum
477 2803 594 2869 iterum
626 2805 768 2870 iactabat
801 2824 954 2887 magnum
979 2803 1115 2887 lapidem
1148 2809 1259 2868 contra
1293 2802 1408 2867 faeiem

254 2907 331 2972 socii
356 2907 426 2986 mei,
450 2931 541 2993 quem
565 2909 592 2972 si
613 2909 716 2974 socius
735 2930 822 2973 meus
843 2908 908 2972 suis
924 2907 1072 2972 menibus
1096 2929 1157 2972 non
1182 2931 1201 2971 a
1223 2929 1296 2972 casu
1318 2931 1406 2973 amo·

254 3013 367 3092 visset,
402 3013 510 3091 credo,
544 3014 626 3099 quod
660 3015 728 3098 ipse
751 3013 863 3080 fuisset
885 3015 1031 3077 mortuus
1064 3012 1134 3095 ipsa
1157 3013 1243 3077 hora.
1289 3012 1408 3078 Statim

255 3117 340 3182 dedit
356 3116 466 3201 fugam
490 3123 563 3202 post
584 3141 646 3198 me,
669 3123 701 3184 et
717 3123 841 3230 mutatp
858 3117 963 3182 colore
986 3117 1020 3180 in
1044 3117 1134 3194 facie,
1159 3117 1314 3182 alienatus
1337 3141 1407 3184 om·

255 3273 309 3311 von
329 3255 404 3310 allen
423 3255 560 3325 grdlleren
579 3255 693 3310 schiffen
712 3257 839 3320 bendtat
858 3255 992 3310 wthrend
1011 3255 1060 3310 der
1079 3255 1210 3325 gredere,
1230 3256 1293 3310 dstl.
1315 3257 1408 3320 hasen,

255 3342 304 3396 der
322 3341 361 3396 im
375 3341 526 3397 altertume
538 3341 654 3398 beudtzt
672 3345 730 3399 und
744 3363 799 3400 von
813 3343 915 3400 Strabo
928 3343 1101 3400 ausfdhrlieh
1114 3344 1292 3400 beschrieben
1304 3347 1408 3409 wurdc,

255 3429 449 3498 gegenwtrtig
468 3429 567 3486 immer
591 3431 671 3487 mehr
689 3433 840 3487 versandet
867 3431 925 3486 und
953 3449 1006 3486 nur
1034 3431 1113 3487 mehr
1132 3433 1273 3488 lleineren
1291 3433 1408 3490 schiffen

255 3515 424 3585 nugtnglich
442 3516 487 3572 ist.
525 3516 608 3572 Baed
627 3519 686 3573 219.

327 3602 427 3658 1Hier
455 3602 493 3657 ist
511 3603 562 3658 das
581 3605 671 3659 altere
689 3605 792 3661 schloes
820 3607 871 3660 auf
895 3606 957 3660 dem
977 3605 1218 3676 vorspringenden
1238 3605 1294 3661 Rae
1312 3610 1408 3664 et-'l'in

257 3687 352 3760 (Baed.
366 3689 429 3760 220)
449 3691 583 3759 gemeint‚
603 3691 721 3746 welches
739 3692 812 3747 heim
832 3692 963 3762 dortigen
977 3694 1164 3748 leucbtturme
1183 3693 1262 3764 liegt,
1281 3696 1339 3750 und
1357 3697 1409 3752 des

255 3777 304 3832 der
323 3777 419 3833 sultan
432 3779 568 3848 licit-Bey
587 3781 668 3835 hatte
680 3781 828 3836 erneitern
846 3781 903 3834 und
917 3781 1027 3836 starker
1040 3781 1193 3850 befeetigen
1216 3781 1316 3838 laesen.
1356 3784 1408 3838 lter

173 3872 181 3887 ¹
255 3867 387 3934 renegst,
405 3866 524 3921 welcber
543 3868 601 3921 ihm
630 3867 684 3922 den
703 3870 750 3922 rat
769 3868 848 3924 hiesu
870 3869 995 3938 gegeben
1021 3869 1079 3923 und
1103 3869 1148 3924 die
1166 3870 1343 3940 snsfdhrung
1361 3889 1408 3941 ge-

256 3953 337 4008 leitet
356 3954 448 4018 hatte,
465 3955 517 4010 soll
537 3955 581 4008 ein
601 3955 755 4010 Deutscher
775 3973 824 4010 aus
845 3955 1018 4026 Oppenheim
1037 3973 1163 4027 genesen
1181 3957 1248 4022 sein,
1268 3959 1318 4014 der
1336 3961 1408 4013 nach

255 4041 430 4110 vellendung
446 4041 494 4096 des
512 4043 617 4098 werhen
642 4045 695 4097 mit
714 4043 805 4098 vielen
825 4043 956 4098 schdtnen
982 4043 1011 4098 in
1036 4045 1094 4099 sein
1114 4045 1264 4100 vaterland
1284 4047 1341 4101 und
1359 4065 1409 4101 zur

255 4127 364 4185 christi.
392 4129 511 4199 religion
540 4129 751 4186 nnrficlslrehrte.
788 4129 872 4185 Fabri
899 4131 953 4193 ΙΙΙ,
980 4131 1038 4188 176.
1075 4131 1220 4188 Brcidenb.
1247 4135 1304 4188 ΙΙΙ.
1342 4134 1407 4202 Vgl.

256 4215 346 4269 Ghist.
364 4216 416 4269 202
437 4235 463 4272 u.
484 4215 565 4271 llerff
578 4218 618 4272 77.
656 4216 740 4271 Fabri
758 4217 821 4271 halt
840 4217 892 4272 den
912 4217 1084 4272 leuchtturm
1105 4219 1147 4273 bei
1166 4219 1269 4274 diesem
1288 4221 1408 4277 sehlosse

256 4302 415 4357 irrtdmlieh
435 4303 480 4357 fiir
498 4304 552 4360 den
566 4304 732 4359 berdhmten
745 4303 852 4360 Pharus
872 4306 920 4360 der
935 4305 1021 4370 alten,
1040 4305 1089 4360 der
1107 4306 1166 4360 sich
1185 4306 1257 4362 beim
1270 4308 1407 4367 tstlichen

255 4388 342 4446 helen
362 4390 503 4448 belunden
522 4392 603 4451 hatte
622 4393 680 4448 und
700 4392 811 4450 damals
830 4393 914 4450 sehon
934 4394 1031 4464 ianget
1049 4394 1128 4450 nicht
1146 4394 1225 4449 mehr
1243 4396 1336 4454 stand.
