3056 4944
795 327 857 394 142

250 509 358 568 noster
380 501 492 569 Ihesus
515 503 661 569 Christus
683 509 732 570 est
755 505 933 570 crucifixus.
982 504 1023 568 Et
1046 503 1183 569 contulit
1204 500 1304 582 mihi,
1336 499 1400 565 heu

250 609 383 694 indigno
404 610 579 692 peccatori,
611 610 756 674 dominus
789 631 852 674 non
877 610 954 673 meis
976 609 1100 674 meritis
1132 608 1185 672 sed
1208 608 1246 671 de
1267 604 1400 690 speciali

250 735 307 778 sne
330 713 444 800 gretia,
468 717 505 778 ut
527 733 623 779 essem
647 714 817 780 officiator.
865 713 905 778 ut
921 714 1089 778 videbatur
1112 711 1203 792 mihi,
1227 711 1310 796 quod
1335 730 1399 775 non

120 883 125 890 .
250 821 358 902 posset
379 840 447 882 esse
469 841 518 883 res
541 820 574 883 in
597 822 665 884 toto
688 819 824 898 mundo,
853 838 948 902 quom
973 817 1160 901 recepissem
1184 837 1242 900 pro
1267 815 1327 879 hoc
1348 813 1400 878 of·

250 924 332 1004 ficio,
355 924 433 989 licet
453 946 578 1008 semper
593 925 754 1008 indignus,
778 923 834 989 ubi
850 923 1003 988 debebam
1026 921 1142 988 offerre
1157 920 1288 985 ihesum
1304 918 1400 983 Chri·

250 1031 336 1093 stum
357 1049 417 1112 pro
439 1033 508 1095 toto
531 1031 650 1094 mundo
673 1031 760 1094 etin
785 1028 952 1106 illelom,
986 1049 1078 1114 quem
1113 1028 1181 1112 ipse
1203 1027 1265 1091 sibi
1291 1025 1400 1110 elegit,

251 1136 283 1196 et
304 1134 442 1218 seipsum
466 1135 499 1199 in
523 1157 616 1200 cruce
638 1157 695 1219 per
717 1141 855 1201 mortem
884 1154 944 1217 pro
968 1134 1061 1198 nobis
1083 1133 1230 1198 omnibus
1254 1135 1400 1216 peceato-

251 1238 339 1302 ribus
361 1258 418 1302 suo
440 1241 527 1323 putri
549 1241 670 1305 obtulit
693 1245 725 1305 et
749 1240 809 1306 hoc
828 1240 971 1305 officium
994 1240 1041 1304 sic
1063 1238 1132 1302 fieri
1155 1238 1193 1302 ad
1217 1237 1345 1302 leudem
1368 1241 1402 1300 et

250 1343 428 1426 gratiarum
450 1345 604 1410 actionem
629 1345 781 1411 instituit.
829 1345 869 1408 Et
899 1344 1011 1409 deinde
1042 1343 1216 1408 mansimus
1236 1341 1326 1406 intus
1348 1341 1400 1404 in-

250 1447 329 1512 clusi
351 1469 452 1533 usque
484 1450 523 1514 ed
546 1449 665 1515 festum
689 1448 981 1516 Resurrectionisi.
1028 1449 1070 1514 Et
1092 1471 1150 1533 per
1172 1447 1233 1512 hoo
1256 1446 1401 1512 triduum

250 1553 337 1616 stent
359 1573 467 1618 omues
489 1555 635 1618 nationes
658 1554 833 1620 christiane
856 1555 889 1619 in
912 1554 1043 1638 templo,
1068 1557 1100 1618 et
1116 1573 1307 1636 unaqueque
1329 1551 1399 1614 lau-

250 1657 305 1721 det
328 1657 421 1722 deum
444 1661 476 1722 et
498 1657 577 1724 fecit
592 1657 735 1725 officium
751 1661 924 1726 secundum
945 1659 1161 1738 mummium,
1185 1679 1281 1742 quem
1295 1657 1400 1721 intro-

250 1762 351 1826 duxit.
398 1761 439 1825 Et
472 1763 509 1827 de
538 1763 603 1827 illis
627 1764 811 1829 nationibus
834 1764 970 1828 hebetur
992 1763 1078 1828 infra
1114 1766 1147 1826 et
1180 1764 1219 1828 de
1250 1761 1345 1826 sectis
1369 1765 1402 1825 et

250 1867 411 1932 erroribus
427 1887 546 1932 eorum.
592 1868 634 1932 Et
656 1869 689 1932 in
706 1869 827 1953 templo
843 1869 986 1954 quelibet
1008 1869 1096 1934 natio
1119 1869 1217 1933 hebet
1231 1867 1401 1951 proprium

250 1973 371 2048 locum:
395 1995 542 2040 noscero
563 1997 620 2058 per
643 1976 692 2040 dei
709 1977 847 2060 gratiam
864 1974 1016 2040 hebemus
1031 1975 1167 2040 meliora
1189 1979 1221 2038 et
1237 1973 1402 2038 devotiora

251 2080 320 2144 loce
342 2079 397 2144 sel.
421 2079 615 2144 dominicum
637 2079 840 2165 sepulchrum
871 2085 903 2144 et
925 2081 1027 2146 altere
1049 2081 1082 2144 in
1107 2080 1176 2145 loeo
1199 2079 1344 2145 Galusrie
1368 2081 1401 2142 et

250 2185 407 2268 capellam
427 2184 519 2248 beate
542 2182 697 2268 Virginis,
720 2188 752 2250 et
775 2185 819 2250 ibi
843 2185 994 2269 spatium,
1018 2185 1072 2249 ubi
1099 2188 1234 2268 possunt
1257 2184 1299 2247 40
1324 2203 1401 2267 per-

250 2309 326 2354 sone
348 2289 454 2374 quiete
476 2294 578 2369 sture,
609 2289 647 2354 de
670 2289 785 2374 quibus
808 2289 945 2354 hebetur
966 2288 1061 2354 infre.
1108 2288 1149 2352 Et
1171 2289 1241 2372 ipse
1262 2287 1313 2352 die
1337 2287 1400 2351 Pn-

251 2417 376 2460 resceve
410 2393 570 2478 incipiunt
610 2416 719 2460 omues
752 2395 897 2460 notiones
932 2415 1026 2478 egere
1061 2394 1167 2460 officie
1198 2414 1328 2471 eorum,
1363 2392 1401 2456 de

251 2501 366 2586 quibus
399 2498 536 2563 hebetur
570 2500 672 2580 infre,
706 2501 760 2565 ubi
793 2501 901 2582 egitur
934 2501 973 2564 de
1008 2499 1143 2584 singulis
1177 2498 1363 2564 nationibus
1377 2495 1400 2563 ¹.

255 2605 296 2669 Et
318 2611 365 2668 est
389 2609 497 2668 tantus
521 2609 554 2669 et
568 2604 725 2670 mirabilis
745 2604 866 2670 clamor
888 2609 920 2669 et
936 2605 1097 2669 rarissime
1118 2601 1344 2670 ceremonialia
1369 2607 1401 2666 et

250 2714 343 2794 gestu
372 2709 404 2773 in
436 2709 637 2790 nationibus,
673 2711 756 2794 quod
787 2732 879 2775 nemo
913 2711 1031 2788 credit,
1067 2710 1129 2774 nisi
1159 2710 1307 2790 vidisset,
1343 2729 1401 2772 nec

251 2814 322 2899 quis
345 2813 521 2897 exprimere
545 2819 659 2898 potest.
706 2814 748 2878 Et
781 2817 821 2878 eb
845 2814 903 2879 ilie
935 2815 985 2879 die
1014 2835 1114 2898 nsque
1146 2815 1185 2880 ud
1208 2814 1400 2879 dominicum

251 2919 502 2983 Resurrectionis
536 2924 608 3002 post
641 2919 785 2984 officium
817 2940 879 2985 non
912 2921 1035 2986 cessent
1068 2919 1133 2984 die·
1149 2923 1309 3004 noctuque
1342 2941 1402 2984 nee

252 3025 415 3089 dormiunt
448 3025 509 3089 nisi
544 3023 628 3090 forte
651 3026 808 3104 vicissim,
841 3027 904 3090 iam
939 3047 1002 3090 une
1034 3027 1111 3109 pers
1139 3025 1308 3104 modicum,
1343 3025 1399 3088 de·

250 3153 335 3194 mum
359 3129 422 3193 alic
444 3151 519 3213 pers
542 3131 638 3194 etiam
661 3128 829 3211 modicum,
854 3131 900 3195 ita
922 3134 1045 3210 temen,
1069 3130 1152 3216 quod
1175 3151 1300 3214 semper
1322 3151 1398 3192 oon-

251 3236 379 3299 tiuuent
402 3233 571 3299 clamorem
604 3241 637 3299 et
662 3241 791 3300 cantum
824 3257 921 3320 usque
953 3236 992 3300 od
1025 3235 1108 3300 diem
1132 3233 1398 3298 Resurrectionis.

251 3339 414 3404 Nonnulle
438 3339 592 3418 nationes,
615 3340 750 3404 maxime
780 3341 923 3419 Abesini,
946 3363 966 3404 a
982 3337 1066 3404 Genu
1088 3339 1208 3404 domini
1233 3361 1333 3423 usque
1357 3339 1397 3403 ad

251 3444 525 3508 Resurrectionem
556 3445 673 3508 domini
703 3466 812 3509 omnes
835 3445 1002 3528 utriusque
1033 3465 1126 3508 sexus
1156 3444 1285 3526 penitus
1315 3443 1400 3507 nihil

250 3549 428 3628 comedunt,
452 3549 504 3613 sed
528 3571 654 3632 semper
675 3549 811 3628 saltent,
843 3553 973 3613 cantent
997 3553 1030 3612 et
1053 3549 1210 3632 plaudunt
1232 3549 1399 3624 manibus;

250 3657 295 3720 ibi
318 3655 434 3738 viginti
460 3656 492 3718 in
517 3677 579 3718 uno
595 3654 723 3734 circulo,
747 3654 791 3718 ibi
809 3656 924 3734 decem,
950 3653 995 3718 ibi
1011 3654 1161 3719 mulieres
1184 3658 1255 3731 etc,
1280 3653 1325 3739 [p.
1343 3653 1396 3739 68]

249 3763 297 3826 ita
319 3760 401 3844 quod
425 3759 518 3824 multi
542 3760 693 3824 deficiunt
716 3764 748 3824 et
770 3760 970 3839 moriuntur,
1003 3764 1035 3824 et
1057 3759 1200 3843 gaudent
1231 3781 1265 3824 se
1296 3761 1342 3825 sic
1365 3761 1397 3824 in

812 3885 831 3922 Ἰ

322 3973 333 4024 l
355 3968 486 4023 Walther
504 3967 632 4022 eruthnt
659 3967 713 4021 mit
739 3967 834 4021 keiner
853 3967 924 4023 silbe
950 3966 1001 4022 des
1021 3985 1076 4023 ron
1093 3967 1195 4024 Tobler
1220 3985 1250 4024 so
1268 3969 1332 4024 sehr
1351 3985 1398 4039 ge·

250 4057 358 4112 tedelte
372 4054 600 4126 »Puppenspiel‹‚
620 4054 664 4108 bei
676 4055 808 4109 welehem
828 4073 866 4109 en
883 4054 961 4110 einer
973 4055 1175 4124 lebensgrossen
1194 4057 1267 4126 figur
1284 4055 1330 4110 die
1348 4073 1398 4111 eu-

251 4144 395 4213 nugelung
412 4147 463 4198 etc.
483 4159 701 4211 vergenommen
719 4141 823 4198 wurde.
862 4143 897 4195 Es
925 4143 976 4197 hut
1003 4143 1063 4197 also
1081 4142 1192 4197 dumuls
1218 4143 1308 4198 sicher
1326 4144 1397 4198 noch

251 4230 329 4284 nicht
341 4231 503 4296 bestsnden‚
523 4229 597 4284 deun
617 4231 703 4284 etwas
723 4247 753 4286 so
765 4230 954 4301 eigenertiges
966 4231 1047 4285 huus
1060 4247 1142 4284 unser
1154 4231 1398 4286 berichterstotter

250 4318 320 4374 doch
337 4319 416 4374 nicht
444 4319 497 4373 mit
514 4316 731 4387 stillschweigen
760 4319 918 4388 tbergehen
945 4318 1064 4375 konnen.
1101 4317 1180 4374 Tobl.
1197 4317 1278 4387 θοις.
1297 4319 1349 4372 456
1370 4316 1398 4372 ff.

250 4405 267 4460 2
285 4403 383 4460 Leider
402 4407 514 4462 enthut
532 4407 581 4462 der
599 4405 684 4462 codex
703 4406 834 4461 menehes
852 4406 913 4460 hier
931 4407 1130 4477 versprochene
1148 4405 1234 4462 nieht.
