3062 4938
834 351 875 418 22

368 527 478 614 Altera
502 528 552 591 die
576 527 649 591 lune
672 549 764 590 mene
787 530 954 610 preparavi
988 551 1037 593 me
1070 535 1103 593 et
1125 531 1190 594 dixi
1222 529 1363 608 missam,
1396 534 1429 594 et

279 635 405 715 recepte
422 631 598 696 refectione
620 632 775 696 exivimus
788 630 955 697 Veronam.
1004 634 1045 698 Et
1068 637 1183 701 iterum
1207 641 1245 700 ut
1267 636 1356 718 prius
1378 657 1427 699 ee-

279 738 437 823 qnehatur
459 759 509 800 me
531 735 686 821 alonge,
709 741 848 800 attamen
873 738 956 802 traxi
980 761 1067 818 eum,
1091 741 1123 804 in
1148 747 1302 826 quantum
1326 742 1428 824 potui,

280 865 337 926 per
352 841 553 907 Vincentiam
578 848 609 906 et
625 841 763 906 Paduam
788 841 1062 926 usqueVeneties,
1087 845 1176 910 cuiue
1199 846 1353 910 terminos
1376 847 1427 909 in-

278 947 432 1012 travimus
460 945 493 1008 in
525 949 635 1009 octava
669 945 771 1010 sancti
804 944 961 1011 Francisci
989 948 1043 1030 [11
1070 947 1163 1033 Oet.].
1211 949 1251 1013 Et
1282 951 1429 1032 neglecto

280 1051 434 1137 gurdiano
449 1049 738 1129 lherosolimiteno,
762 1051 817 1135 qui
840 1059 1021 1132 recesserat,
1044 1053 1213 1119 insultavit
1228 1055 1331 1120 socius
1346 1055 1429 1120 acri·

279 1161 329 1220 ter
351 1161 462 1219 eontra
486 1176 545 1233 me,
562 1159 686 1219 mutato
709 1155 801 1219 vultu
817 1155 941 1220 dicens:
967 1156 1068 1232 »Quid
1087 1179 1172 1223 nunc
1195 1164 1252 1239 est,
1276 1160 1359 1244 quod
1383 1161 1429 1224 sic

279 1259 445 1325 curristis'i
471 1257 534 1324 Vos
549 1260 667 1324 nemini
684 1260 822 1338 creditis,
847 1264 879 1324 et
901 1261 977 1324 estis
992 1261 1089 1326 durus
1106 1262 1229 1327 homo«
1263 1263 1331 1346 Ego
1354 1285 1430 1329 vcro

278 1365 372 1443 silui,
395 1365 504 1429 dolens
527 1366 565 1429 de
588 1365 654 1429 eius
678 1364 898 1448 impatientia,
924 1387 1104 1452 rogansque
1127 1368 1219 1433 deum
1242 1370 1370 1448 devote,
1394 1370 1428 1433 in

279 1474 433 1558 quantum
455 1470 556 1554 potui,
579 1471 702 1535 dicens:
729 1469 774 1534 »Ο
796 1470 923 1534 domine
945 1469 1040 1535 lhesn
1056 1471 1198 1538 Christe!
1221 1473 1270 1538 Tu
1293 1475 1353 1538 scis
1377 1475 1428 1538 in·

279 1576 454 1640 tentionem
473 1597 583 1654 meem,
607 1597 700 1658 quam
719 1573 815 1639 habui
839 1575 871 1638 in
888 1575 944 1640 illo
962 1578 1102 1660 negotio.
1149 1578 1286 1663 Propter
1302 1579 1428 1663 patien-

279 1681 358 1744 tiam
375 1686 460 1745 tuam
479 1701 629 1744 conserva
651 1702 700 1744 me
723 1680 756 1742 in
780 1683 835 1744 tue
859 1679 1024 1745 voluntate
1046 1687 1078 1746 et
1094 1681 1270 1758 famulatur
1294 1685 1333 1748 da
1348 1685 1428 1748 milri

281 1787 442 1870 patienter
464 1785 548 1850 ferre
565 1789 680 1849 cuncte
696 1786 895 1850 incommode
919 1791 951 1850 et
967 1787 1108 1865 adversa,
1133 1809 1194 1872 que
1218 1788 1296 1852 mihi
1318 1811 1429 1854 occur·

280 1895 386 1955 runt«
435 1889 477 1954 Et
499 1890 544 1954 sic
566 1889 650 1953 silui.
698 1888 893 1954 Presentatis
916 1889 1041 1973 prelato
1059 1881 1188 1971 litteris,
1212 1894 1356 1977 exposite
1379 1895 1429 1958 in-

280 1995 423 2060 tentione
445 1995 555 2078 rogavi
587 1993 754 2058 humiliter
784 2015 821 2058 ac
843 1993 1036 2077 diligenter,
1069 1999 1105 2059 ut
1138 2017 1195 2061 nos
1220 1999 1372 2064 retineret
1396 2001 1429 2064 in

283 2105 439 2166 conventu
456 2104 588 2183 propter
611 2100 704 2163 deum
728 2102 760 2162 et
782 2101 957 2164 fraternam
980 2101 1146 2164 ceritatem
1171 2125 1269 2187 usque
1291 2105 1428 2174 adtem-

280 2228 339 2290 pue
357 2204 664 2289 transmigrationis,
688 2203 824 2268 offerens
838 2225 888 2268 me
910 2205 948 2268 ad
965 2205 1179 2271 obedientiam
1201 2215 1233 2272 et
1250 2210 1287 2273 ad
1303 2211 1431 2293 singula

281 2311 425 2376 facienda
447 2311 531 2375 sicut
552 2310 650 2374 ceteri
667 2307 794 2372 fratres.
844 2307 1017 2393 Respondit
1033 2313 1221 2377 reverendus
1236 2319 1328 2398 pater
1352 2337 1428 2398 gar-

282 2417 412 2494 dianus,
436 2415 536 2480 freter
558 2411 719 2479 Antonius
743 2411 927 2493 Fustareno,
954 2414 1102 2496 Venetus,
1132 2424 1305 2484 conventus
1328 2421 1432 2485 sencti

283 2520 442 2586 Francisci
467 2521 504 2585 de
529 2519 650 2584 Arinea
667 2517 694 2584 ¹:
730 2518 837 2584 rBone
859 2523 968 2604 pater!
1001 2543 1059 2604 per
1089 2523 1167 2588 duos
1189 2523 1238 2588 vel
1269 2529 1334 2588 tres
1365 2527 1432 2590 dies

282 2627 479 2712 requiescite,
503 2626 590 2690 ultra
612 2647 674 2689 non
698 2625 798 2690 audeo
822 2647 876 2689 ros
898 2631 1008 2690 tenere
1032 2649 1089 2692 nec
1105 2627 1244 2712 aliquam
1269 2630 1429 2713 hospitem

281 2733 341 2796 nisi
373 2733 411 2796 de
445 2731 573 2816 speciali
608 2731 738 2795 licentia
782 2731 943 2795 reverendi
978 2733 1095 2816 petris,
1127 2733 1237 2798 fratris
1270 2733 1432 2803 Francisci

281 2837 461 2918 Raimundi,
480 2836 605 2917 Veneti,
628 2837 737 2902 vicarii
754 2837 968 2919 provincialis,
991 2840 1046 2923 qui
1063 2839 1229 2922 prohibuit
1245 2839 1353 2906 mihi.‹
1392 2843 1433 2908 Et

282 2945 341 3008 snh
364 2945 429 3008 illis
452 2944 561 3008 diebus
583 2944 762 3027 presentari
786 2941 912 3007 litteras
935 2943 973 3008 ad
991 2944 1117 3008 domum
1133 2944 1431 3012 Theutonicorum¹

358 3121 369 3172 l
393 3117 472 3172 Diese
490 3135 544 3174 ron
564 3116 697 3171 Walther
715 3118 785 3171 etets
804 3059 977 3186 petilauchte
997 3115 1155 3185 unrichtige
1174 3117 1365 3190 bezeichnung
1382 3121 1434 3177 des

280 3207 400 3261 klostere
420 3204 522 3260 heruht
543 3203 696 3274 jedenfelle
721 3204 837 3270 darauf,
864 3204 928 3259 dass
956 3220 985 3258 er
1013 3203 1067 3257 den
1086 3202 1195 3261 italien.
1215 3223 1316 3261 nemen
1338 3207 1434 3264 »della

284 3295 394 3364 vigne«
415 3293 477 3364 (lat.
496 3291 531 3347 de
546 3291 649 3361 Vinea)
669 3292 750 3347 nicht
768 3293 874 3361 richtig
892 3291 1062 3347 reretenden
1081 3291 1139 3345 het.
1168 3292 1223 3346 Dae
1236 3293 1341 3350 kloster
1361 3295 1436 3365 liegt

281 3382 320 3436 im
339 3381 402 3437 ortt.
423 3379 490 3435 teile
508 3379 558 3434 der
576 3379 655 3434 stadt
678 3379 708 3433 in
727 3380 777 3434 der
794 3381 867 3435 nhhe
892 3380 941 3436 der
960 3378 1158 3434 schiffsrrerite.
1198 3379 1233 3434 Ee
1252 3379 1357 3436 bildete
1384 3401 1432 3436 um

282 3470 358 3525 diere
376 3469 430 3522 aeit
443 3467 675 3537 gewiesermessen
693 3469 737 3523 ein
752 3468 1008 3524 auskunl'tsbureau
1026 3467 1071 3520 fur
1083 3467 1354 3539 Jerusalemspilger,
1372 3471 1433 3524 und

285 3575 351 3612 man
370 3557 477 3612 konnte
504 3555 569 3611 dort
594 3555 666 3610 auch
693 3555 738 3610 die
760 3555 984 3626 pilgerhhohlein
1002 3555 1120 3620 hausen,
1147 3555 1249 3610 welche
1274 3555 1320 3610 die
1338 3555 1436 3626 pilger

284 3644 417 3700 wsnrend
447 3643 496 3698 der
515 3643 639 3698 seefahrt
657 3643 822 3699 studierten.
860 3643 1018 3699 Ausserdem
1045 3643 1097 3698 soll
1118 3642 1206 3698 dieses
1225 3643 1330 3698 kloster
1349 3645 1437 3700 nehet

284 3733 347 3788 dem
368 3731 555 3788 Sionekloster
574 3749 628 3787 von
648 3732 802 3787 Jerusalem
834 3732 878 3788 ein
908 3731 985 3787 recht
1012 3730 1064 3784 auf
1088 3729 1134 3785 die
1151 3731 1436 3788 hinterlaeeenechalt

284 3819 333 3875 der
354 3819 490 3873 awischen
500 3818 631 3889 Venedig
649 3820 707 3874 und
718 3819 876 3876 Jerusalem
888 3820 1086 3876 verstorbenen
1098 3817 1190 3890 pilger
1203 3819 1310 3889 gehabt
1328 3819 1435 3876 heben.

282 3907 425 3971 Rdhricht,
446 3907 476 3961 D.
487 3907 555 3976 pilg.
570 3907 601 3961 11
616 3925 642 3961 u.
661 3907 693 3963 51
707 3925 782 3962 anm.
798 3909 855 3963 116.
884 3907 968 3962 Fabri
987 3907 1007 3972 l,
1028 3907 1078 3962 103
1097 3907 1116 3961 f.
1143 3908 1232 3961 neunt
1250 3905 1308 3962 dies
1326 3906 1437 3964 kloster
1461 3903 1470 3920 '

285 3994 519 4066 »pulcherrimum
534 3997 718 4050 conventum«
740 3994 797 4048 und
817 3995 881 4064 fuge
900 3994 958 4049 bei:
981 3985 1112 4064 »e'umque
1124 3994 1226 4048 fratres
1244 3993 1274 4047 in
1293 3993 1352 4050 dies
1370 4012 1437 4064 pre-

284 4084 425 4140 tiosiorem
444 4082 580 4138 faciunt«
707 4083 723 4136 2
749 4081 804 4136 Der
822 4082 941 4138 sondeco
960 4082 1003 4137 dei
1022 4081 1162 4144 Tedesohi,
1190 4081 1241 4136 dee
1259 4081 1363 4136 bereits
1382 4099 1437 4139 vor

284 4171 347 4225 dem
368 4173 400 4226 13
409 4171 505 4242 jahrh.
524 4170 554 4225 in
569 4170 786 4225 nnmittelharer
804 4171 876 4226 nahe
895 4170 942 4225 des
955 4173 1040 4240 ponte
1053 4169 1148 4226 Rialto
1161 4169 1335 4240 gegrdndete
1347 4171 1436 4226 kaut-

282 4259 353 4314 heue
372 4260 416 4312 fdr
435 4258 480 4314 die
500 4258 673 4323 Dentschen,
699 4257 728 4312 in
747 4258 879 4313 welchern
900 4257 955 4312 alle
974 4257 1125 4313 deutschen
1145 4257 1284 4312 kauflente
1309 4259 1434 4315 wohnen

283 4351 417 4404 moseten.
438 4345 617 4400 Ausfdhrlioh
630 4345 681 4400 hat
694 4363 722 4401 ea
733 4345 900 4402 Simonsfeld
912 4345 1103 4401 beechriehen:
1118 4345 1172 4400 Der
1182 4345 1309 4402 Fondeoo
1320 4343 1365 4402 dei
1378 4347 1436 4402 Te-

286 4435 378 4490 deechi
388 4434 418 4489 in
432 4435 564 4504 Venedig.
579 4433 725 4504 Stuttgart
737 4435 811 4490 1887.
825 4438 841 4488 2
853 4433 912 4488 bde.
926 4433 990 4504 Vgl.
1004 4434 1075 4489 auch
1086 4431 1228 4498 nuntient,
1240 4431 1271 4490 D.
1282 4434 1353 4506 pilg.
1370 4437 1403 4491 12
1413 4438 1434 4491 l'.
