<?xml version="1.0" encoding="UTF-8"?>
<!DOCTYPE html PUBLIC "-//W3C//DTD XHTML 1.0 Transitional//EN"
    "http://www.w3.org/TR/xhtml1/DTD/xhtml1-transitional.dtd">
<html xmlns="http://www.w3.org/1999/xhtml" xml:lang="en" lang="en">
 <head>
  <title>
</title>
<meta http-equiv="Content-Type" content="text/html;charset=utf-8" />
  <meta name='ocr-system' content='tesseract 3.04.00' />
  <meta name='ocr-capabilities' content='ocr_page ocr_carea ocr_par ocr_line ocrx_word'/>
</head>
<body>
  <div class='ocr_page' id='page_1' title='image "./fratrispauliwal01waltgoog_0207.png"; bbox 0 0 3054 4942; ppageno 0'>
   <div class='ocr_carea' id='block_1_1' title="bbox 806 331 869 396">
    <p class='ocr_par' dir='ltr' id='par_1_1' title="bbox 806 331 869 396">
     <span class='ocr_line' id='line_1_1' title="bbox 806 331 869 396; baseline 0 -1"><span class='ocrx_word' id='word_1_1' title='bbox 806 331 869 396; x_wconf 89' lang='lat'><strong>186</strong></span> 
     </span>
    </p>
   </div>
   <div class='ocr_carea' id='block_1_2' title="bbox 259 505 1412 2784">
    <p class='ocr_par' dir='ltr' id='par_1_2' title="bbox 259 505 1412 2277">
     <span class='ocr_line' id='line_1_2' title="bbox 260 505 1411 587; baseline -0.001 -15"><span class='ocrx_word' id='word_1_2' title='bbox 260 508 309 572; x_wconf 93' lang='lat' dir='ltr'><strong>bis</strong></span> <span class='ocrx_word' id='word_1_3' title='bbox 331 507 458 572; x_wconf 78' lang='lat' dir='ltr'><strong>visitavi</strong></span> <span class='ocrx_word' id='word_1_4' title='bbox 482 509 623 571; x_wconf 86' lang='lat' dir='ltr'><strong>montem</strong></span> <span class='ocrx_word' id='word_1_5' title='bbox 647 505 883 582; x_wconf 77' lang='lat' dir='ltr'><strong>Qnarantanam</strong></span> <span class='ocrx_word' id='word_1_6' title='bbox 908 509 940 570; x_wconf 90' lang='lat' dir='ltr'><strong>et</strong></span> <span class='ocrx_word' id='word_1_7' title='bbox 963 507 1086 572; x_wconf 88' lang='lat' dir='ltr'><strong>fontem</strong></span> <span class='ocrx_word' id='word_1_8' title='bbox 1102 505 1236 587; x_wconf 83' lang='lat' dir='ltr'><strong>Heliaei,</strong></span> <span class='ocrx_word' id='word_1_9' title='bbox 1259 511 1308 571; x_wconf 90' lang='lat' dir='ltr'><strong>ter</strong></span> <span class='ocrx_word' id='word_1_10' title='bbox 1331 507 1411 571; x_wconf 93' lang='lat' dir='ltr'><strong>civi-</strong></span> 
     </span>
     <span class='ocr_line' id='line_1_3' title="bbox 260 609 1412 694; baseline -0.003 -16"><span class='ocrx_word' id='word_1_11' title='bbox 260 618 358 678; x_wconf 89' lang='lat' dir='ltr'><strong>tatem</strong></span> <span class='ocrx_word' id='word_1_12' title='bbox 374 613 513 693; x_wconf 89' lang='lat' dir='ltr'><strong>Jericho,</strong></span> <span class='ocrx_word' id='word_1_13' title='bbox 534 614 581 678; x_wconf 88' lang='lat' dir='ltr'><strong>bis</strong></span> <span class='ocrx_word' id='word_1_14' title='bbox 598 613 608 649; x_wconf 93' lang='lat'>¹</span> <span class='ocrx_word' id='word_1_15' title='bbox 626 613 808 694; x_wconf 89' lang='lat' dir='ltr'><strong>Jordanem,</strong></span> <span class='ocrx_word' id='word_1_16' title='bbox 831 615 879 679; x_wconf 91' lang='lat' dir='ltr'><strong>bis</strong></span> <span class='ocrx_word' id='word_1_17' title='bbox 893 615 1120 678; x_wconf 89' lang='lat' dir='ltr'><strong>monasterium</strong></span> <span class='ocrx_word' id='word_1_18' title='bbox 1136 612 1238 678; x_wconf 87' lang='lat' dir='ltr'><strong>sancti</strong></span> <span class='ocrx_word' id='word_1_19' title='bbox 1252 609 1412 676; x_wconf 90' lang='lat' dir='ltr'><strong>Jeronimi</strong></span> 
     </span>
     <span class='ocr_line' id='line_1_4' title="bbox 260 717 1412 798; baseline -0.002 -16"><span class='ocrx_word' id='word_1_20' title='bbox 260 719 293 783; x_wconf 90' lang='lat' dir='ltr'><strong>in</strong></span> <span class='ocrx_word' id='word_1_21' title='bbox 311 725 400 784; x_wconf 87' lang='lat' dir='ltr'><strong>vasta</strong></span> <span class='ocrx_word' id='word_1_22' title='bbox 415 719 595 798; x_wconf 71' lang='lat' dir='ltr'><strong>solitudine,</strong></span> <span class='ocrx_word' id='word_1_23' title='bbox 619 720 668 784; x_wconf 91' lang='lat' dir='ltr'><strong>bis</strong></span> <span class='ocrx_word' id='word_1_24' title='bbox 691 742 778 784; x_wconf 91' lang='lat' dir='ltr'><strong>mare</strong></span> <span class='ocrx_word' id='word_1_25' title='bbox 800 723 971 798; x_wconf 87' lang='lat' dir='ltr'><strong>mortuum,</strong></span> <span class='ocrx_word' id='word_1_26' title='bbox 996 721 1043 784; x_wconf 90' lang='lat' dir='ltr'><strong>bis</strong></span> <span class='ocrx_word' id='word_1_27' title='bbox 1058 718 1285 785; x_wconf 89' lang='lat' dir='ltr'><strong>monasterium</strong></span> <span class='ocrx_word' id='word_1_28' title='bbox 1308 717 1412 781; x_wconf 86' lang='lat' dir='ltr'><strong>sancti</strong></span> 
     </span>
     <span class='ocr_line' id='line_1_5' title="bbox 260 822 1410 909; baseline -0.003 -21"><span class='ocrx_word' id='word_1_29' title='bbox 260 822 399 889; x_wconf 77' lang='lat' dir='ltr'><strong>Sabine²</strong></span> <span class='ocrx_word' id='word_1_30' title='bbox 424 823 570 902; x_wconf 82' lang='lat' dir='ltr'><strong>Abbatis,</strong></span> <span class='ocrx_word' id='word_1_31' title='bbox 593 825 643 888; x_wconf 92' lang='lat' dir='ltr'><strong>bis</strong></span> <span class='ocrx_word' id='word_1_32' title='bbox 659 825 821 890; x_wconf 89' lang='lat' dir='ltr'><strong>civitatem</strong></span> <span class='ocrx_word' id='word_1_33' title='bbox 838 825 943 890; x_wconf 86' lang='lat' dir='ltr'><strong>Ebron</strong></span> <span class='ocrx_word' id='word_1_34' title='bbox 962 829 995 889; x_wconf 92' lang='lat' dir='ltr'><strong>et</strong></span> <span class='ocrx_word' id='word_1_35' title='bbox 1009 847 1120 909; x_wconf 84' lang='lat' dir='ltr'><strong>agrum</strong></span> <span class='ocrx_word' id='word_1_36' title='bbox 1140 822 1316 889; x_wconf 77' lang='lat' dir='ltr'><strong>damasceni</strong></span> <span class='ocrx_word' id='word_1_37' title='bbox 1334 843 1410 887; x_wconf 91' lang='lat' dir='ltr'><strong>con·</strong></span> 
     </span>
     <span class='ocr_line' id='line_1_6' title="bbox 261 927 1411 1016; baseline 0.002 -26"><span class='ocrx_word' id='word_1_38' title='bbox 261 927 437 1012; x_wconf 76' lang='lat' dir='ltr'>vallemque</span> <span class='ocrx_word' id='word_1_39' title='bbox 460 927 602 995; x_wconf 79' lang='lat' dir='ltr'>Mambre</span> <span class='ocrx_word' id='word_1_40' title='bbox 634 937 667 996; x_wconf 89' lang='lat' dir='ltr'><strong>et</strong></span> <span class='ocrx_word' id='word_1_41' title='bbox 689 932 871 1016; x_wconf 82' lang='lat' dir='ltr'>speluncam</span> <span class='ocrx_word' id='word_1_42' title='bbox 896 931 984 1010; x_wconf 87' lang='lat' dir='ltr'><strong>Ade,</strong></span> <span class='ocrx_word' id='word_1_43' title='bbox 1018 933 1051 994; x_wconf 91' lang='lat' dir='ltr'><strong>in</strong></span> <span class='ocrx_word' id='word_1_44' title='bbox 1085 953 1147 1016; x_wconf 90' lang='lat' dir='ltr'><strong>qua</strong></span> <span class='ocrx_word' id='word_1_45' title='bbox 1180 930 1258 994; x_wconf 89' lang='lat' dir='ltr'><strong>fecit</strong></span> <span class='ocrx_word' id='word_1_46' title='bbox 1281 931 1411 992; x_wconf 87' lang='lat' dir='ltr'><strong>centum</strong></span> 
     </span>
     <span class='ocr_line' id='line_1_7' title="bbox 260 1034 1410 1117; baseline -0.001 -20"><span class='ocrx_word' id='word_1_47' title='bbox 260 1054 358 1098; x_wconf 91' lang='lat' dir='ltr'><strong>annos</strong></span> <span class='ocrx_word' id='word_1_48' title='bbox 374 1035 593 1117; x_wconf 69' lang='lat' dir='ltr'><strong>penitentiam.</strong></span> <span class='ocrx_word' id='word_1_49' title='bbox 640 1035 760 1101; x_wconf 87' lang='lat' dir='ltr'><strong>lterum</strong></span> <span class='ocrx_word' id='word_1_50' title='bbox 777 1037 872 1101; x_wconf 90' lang='lat' dir='ltr'><strong>semel</strong></span> <span class='ocrx_word' id='word_1_51' title='bbox 897 1037 1016 1100; x_wconf 84' lang='lat' dir='ltr'><strong>fontem</strong></span> <span class='ocrx_word' id='word_1_52' title='bbox 1040 1036 1141 1101; x_wconf 88' lang='lat' dir='ltr'><strong>sancti</strong></span> <span class='ocrx_word' id='word_1_53' title='bbox 1165 1034 1309 1117; x_wconf 90' lang='lat' dir='ltr'><strong>Philippi</strong></span> <span class='ocrx_word' id='word_1_54' title='bbox 1331 1053 1410 1116; x_wconf 90' lang='lat' dir='ltr'><strong>apo-</strong></span> 
     </span>
     <span class='ocr_line' id='line_1_8' title="bbox 259 1137 1411 1224; baseline 0 -23"><span class='ocrx_word' id='word_1_55' title='bbox 259 1137 351 1217; x_wconf 92' lang='lat' dir='ltr'><strong>stoli,</strong></span> <span class='ocrx_word' id='word_1_56' title='bbox 385 1139 418 1202; x_wconf 90' lang='lat' dir='ltr'><strong>in</strong></span> <span class='ocrx_word' id='word_1_57' title='bbox 451 1162 514 1223; x_wconf 88' lang='lat' dir='ltr'><strong>qna</strong></span> <span class='ocrx_word' id='word_1_58' title='bbox 536 1141 710 1224; x_wconf 79' lang='lat' dir='ltr'><strong>baptisavit</strong></span> <span class='ocrx_word' id='word_1_59' title='bbox 740 1140 938 1218; x_wconf 79' lang='lat' dir='ltr'><strong>cunuchum3</strong></span> <span class='ocrx_word' id='word_1_60' title='bbox 972 1145 1022 1206; x_wconf 91' lang='lat' dir='ltr'><strong>ter</strong></span> <span class='ocrx_word' id='word_1_61' title='bbox 1054 1142 1159 1206; x_wconf 90' lang='lat' dir='ltr'><strong>locum</strong></span> <span class='ocrx_word' id='word_1_62' title='bbox 1191 1140 1229 1204; x_wconf 88' lang='lat' dir='ltr'><strong>ad</strong></span> <span class='ocrx_word' id='word_1_63' title='bbox 1263 1143 1411 1203; x_wconf 86' lang='lat' dir='ltr'><strong>sanctum</strong></span> 
     </span>
     <span class='ocr_line' id='line_1_9' title="bbox 260 1242 1411 1327; baseline -0.001 -20"><span class='ocrx_word' id='word_1_64' title='bbox 260 1243 455 1324; x_wconf 79' lang='lat' dir='ltr'><strong>Zachariam,</strong></span> <span class='ocrx_word' id='word_1_65' title='bbox 478 1247 533 1311; x_wconf 94' lang='lat' dir='ltr'><strong>ubi</strong></span> <span class='ocrx_word' id='word_1_66' title='bbox 550 1253 642 1312; x_wconf 87' lang='lat' dir='ltr'><strong>natus</strong></span> <span class='ocrx_word' id='word_1_67' title='bbox 663 1252 710 1312; x_wconf 93' lang='lat' dir='ltr'><strong>est</strong></span> <span class='ocrx_word' id='word_1_68' title='bbox 728 1252 855 1312; x_wconf 89' lang='lat' dir='ltr'><strong>sanctus</strong></span> <span class='ocrx_word' id='word_1_69' title='bbox 870 1245 1045 1327; x_wconf 88' lang='lat' dir='ltr'><strong>Johannes,</strong></span> <span class='ocrx_word' id='word_1_70' title='bbox 1068 1251 1101 1310; x_wconf 90' lang='lat' dir='ltr'><strong>et</strong></span> <span class='ocrx_word' id='word_1_71' title='bbox 1116 1245 1237 1310; x_wconf 88' lang='lat' dir='ltr'><strong>factum</strong></span> <span class='ocrx_word' id='word_1_72' title='bbox 1253 1246 1301 1308; x_wconf 89' lang='lat' dir='ltr'><strong>est</strong></span> <span class='ocrx_word' id='word_1_73' title='bbox 1317 1242 1411 1327; x_wconf 77' lang='lat' dir='ltr'><strong>blag-</strong></span> 
     </span>
     <span class='ocr_line' id='line_1_10' title="bbox 260 1347 1411 1438; baseline -0.001 -26"><span class='ocrx_word' id='word_1_74' title='bbox 260 1349 368 1413; x_wconf 89' lang='lat' dir='ltr'><strong>nificat</strong></span> <span class='ocrx_word' id='word_1_75' title='bbox 390 1354 487 1435; x_wconf 88' lang='lat' dir='ltr'><strong>atque</strong></span> <span class='ocrx_word' id='word_1_76' title='bbox 510 1349 709 1418; x_wconf 80' lang='lat' dir='ltr'><strong>Benedictus.</strong></span> <span class='ocrx_word' id='word_1_77' title='bbox 756 1351 838 1418; x_wconf 83' lang='lat' dir='ltr'><strong>Item</strong></span> <span class='ocrx_word' id='word_1_78' title='bbox 862 1358 975 1438; x_wconf 91' lang='lat' dir='ltr'><strong>quater</strong></span> <span class='ocrx_word' id='word_1_79' title='bbox 1010 1353 1050 1417; x_wconf 91' lang='lat' dir='ltr'><strong>ad</strong></span> <span class='ocrx_word' id='word_1_80' title='bbox 1082 1356 1225 1416; x_wconf 86' lang='lat' dir='ltr'><strong>sanctam</strong></span> <span class='ocrx_word' id='word_1_81' title='bbox 1247 1347 1411 1414; x_wconf 83' lang='lat' dir='ltr'><strong>crucem⁸.</strong></span> 
     </span>
     <span class='ocr_line' id='line_1_11' title="bbox 259 1452 1410 1537; baseline -0.001 -20"><span class='ocrx_word' id='word_1_82' title='bbox 259 1452 342 1517; x_wconf 85' lang='lat' dir='ltr'><strong>Item</strong></span> <span class='ocrx_word' id='word_1_83' title='bbox 365 1454 460 1519; x_wconf 89' lang='lat' dir='ltr'><strong>semel</strong></span> <span class='ocrx_word' id='word_1_84' title='bbox 483 1457 521 1520; x_wconf 88' lang='lat' dir='ltr'><strong>ad</strong></span> <span class='ocrx_word' id='word_1_85' title='bbox 538 1456 692 1523; x_wconf 86' lang='lat' dir='ltr'><strong>Gazaram</strong></span> <span class='ocrx_word' id='word_1_86' title='bbox 708 1459 882 1537; x_wconf 89' lang='lat' dir='ltr'><strong>civitatem,</strong></span> <span class='ocrx_word' id='word_1_87' title='bbox 904 1459 959 1522; x_wconf 91' lang='lat' dir='ltr'><strong>ubi</strong></span> <span class='ocrx_word' id='word_1_88' title='bbox 975 1457 1106 1523; x_wconf 85' lang='lat' dir='ltr'><strong>Samson</strong></span> <span class='ocrx_word' id='word_1_89' title='bbox 1130 1457 1246 1522; x_wconf 90' lang='lat' dir='ltr'><strong>deiecit</strong></span> <span class='ocrx_word' id='word_1_90' title='bbox 1264 1455 1410 1528; x_wconf 87' lang='lat' dir='ltr'><strong>domum;</strong></span> 
     </span>
     <span class='ocr_line' id='line_1_12' title="bbox 259 1559 1411 1648; baseline 0 -27"><span class='ocrx_word' id='word_1_91' title='bbox 259 1559 355 1622; x_wconf 89' lang='lat' dir='ltr'><strong>semel</strong></span> <span class='ocrx_word' id='word_1_92' title='bbox 386 1565 527 1624; x_wconf 88' lang='lat' dir='ltr'><strong>montem</strong></span> <span class='ocrx_word' id='word_1_93' title='bbox 549 1560 646 1648; x_wconf 86' lang='lat' dir='ltr'><strong>Synai</strong></span> <span class='ocrx_word' id='word_1_94' title='bbox 680 1568 711 1627; x_wconf 91' lang='lat' dir='ltr'><strong>et</strong></span> <span class='ocrx_word' id='word_1_95' title='bbox 742 1563 813 1629; x_wconf 87' lang='lat' dir='ltr'><strong>loca</strong></span> <span class='ocrx_word' id='word_1_96' title='bbox 844 1567 954 1627; x_wconf 86' lang='lat' dir='ltr'><strong>sancta</strong></span> <span class='ocrx_word' id='word_1_97' title='bbox 976 1564 1112 1640; x_wconf 78' lang='lat' dir='ltr'><strong>ibidem3</strong></span> <span class='ocrx_word' id='word_1_98' title='bbox 1147 1559 1244 1626; x_wconf 89' lang='lat' dir='ltr'><strong>semel</strong></span> <span class='ocrx_word' id='word_1_99' title='bbox 1267 1563 1411 1622; x_wconf 88' lang='lat' dir='ltr'><strong>montem</strong></span> 
     </span>
     <span class='ocr_line' id='line_1_13' title="bbox 260 1663 1411 1752; baseline 0 -27"><span class='ocrx_word' id='word_1_100' title='bbox 260 1667 367 1728; x_wconf 88' lang='lat' dir='ltr'><strong>sancte</strong></span> <span class='ocrx_word' id='word_1_101' title='bbox 390 1663 587 1742; x_wconf 86' lang='lat' dir='ltr'><strong>Katherine;</strong></span> <span class='ocrx_word' id='word_1_102' title='bbox 620 1668 716 1732; x_wconf 89' lang='lat' dir='ltr'><strong>semel</strong></span> <span class='ocrx_word' id='word_1_103' title='bbox 739 1666 915 1752; x_wconf 81' lang='lat' dir='ltr'><strong>Alkayram</strong></span> <span class='ocrx_word' id='word_1_104' title='bbox 951 1672 983 1732; x_wconf 91' lang='lat' dir='ltr'><strong>et</strong></span> <span class='ocrx_word' id='word_1_105' title='bbox 1006 1667 1102 1732; x_wconf 90' lang='lat' dir='ltr'><strong>semel</strong></span> <span class='ocrx_word' id='word_1_106' title='bbox 1128 1664 1354 1730; x_wconf 82' lang='lat' dir='ltr'><strong>Alexandriam</strong></span> <span class='ocrx_word' id='word_1_107' title='bbox 1378 1668 1411 1726; x_wconf 88' lang='lat' dir='ltr'><strong>et</strong></span> 
     </span>
     <span class='ocr_line' id='line_1_14' title="bbox 259 1769 1411 1838; baseline 0.001 -7"><span class='ocrx_word' id='word_1_108' title='bbox 259 1771 369 1834; x_wconf 90' lang='lat' dir='ltr'><strong>sancta</strong></span> <span class='ocrx_word' id='word_1_109' title='bbox 383 1769 453 1834; x_wconf 90' lang='lat' dir='ltr'><strong>loca</strong></span> <span class='ocrx_word' id='word_1_110' title='bbox 468 1771 586 1836; x_wconf 89' lang='lat' dir='ltr'><strong>ibidem</strong></span> <span class='ocrx_word' id='word_1_111' title='bbox 601 1771 623 1837; x_wconf 81' lang='lat'><strong>⁴.</strong></span> <span class='ocrx_word' id='word_1_112' title='bbox 670 1773 711 1838; x_wconf 89' lang='lat' dir='ltr'><strong>Et</strong></span> <span class='ocrx_word' id='word_1_113' title='bbox 735 1774 772 1837; x_wconf 91' lang='lat' dir='ltr'><strong>de</strong></span> <span class='ocrx_word' id='word_1_114' title='bbox 795 1773 845 1837; x_wconf 88' lang='lat' dir='ltr'><strong>his</strong></span> <span class='ocrx_word' id='word_1_115' title='bbox 866 1774 1013 1838; x_wconf 90' lang='lat' dir='ltr'><strong>omnibus</strong></span> <span class='ocrx_word' id='word_1_116' title='bbox 1036 1779 1069 1836; x_wconf 89' lang='lat' dir='ltr'><strong>et</strong></span> <span class='ocrx_word' id='word_1_117' title='bbox 1092 1772 1163 1836; x_wconf 91' lang='lat' dir='ltr'><strong>aliis</strong></span> <span class='ocrx_word' id='word_1_118' title='bbox 1179 1770 1256 1835; x_wconf 87' lang='lat' dir='ltr'><strong>loeis</strong></span> <span class='ocrx_word' id='word_1_119' title='bbox 1271 1769 1411 1834; x_wconf 89' lang='lat' dir='ltr'><strong>hebetur</strong></span> 
     </span>
     <span class='ocr_line' id='line_1_15' title="bbox 260 1871 1410 1962; baseline 0.003 -27"><span class='ocrx_word' id='word_1_120' title='bbox 260 1871 385 1955; x_wconf 90' lang='lat' dir='ltr'><strong>plenius</strong></span> <span class='ocrx_word' id='word_1_121' title='bbox 400 1873 485 1940; x_wconf 88' lang='lat' dir='ltr'><strong>infra</strong></span> <span class='ocrx_word' id='word_1_122' title='bbox 501 1881 567 1942; x_wconf 90' lang='lat' dir='ltr'><strong>tam</strong></span> <span class='ocrx_word' id='word_1_123' title='bbox 590 1878 623 1942; x_wconf 91' lang='lat' dir='ltr'><strong>in</strong></span> <span class='ocrx_word' id='word_1_124' title='bbox 639 1878 805 1942; x_wconf 87' lang='lat' dir='ltr'><strong>itinerario</strong></span> <span class='ocrx_word' id='word_1_125' title='bbox 822 1901 915 1962; x_wconf 89' lang='lat' dir='ltr'><strong>quam</strong></span> <span class='ocrx_word' id='word_1_126' title='bbox 934 1879 966 1942; x_wconf 90' lang='lat' dir='ltr'><strong>in</strong></span> <span class='ocrx_word' id='word_1_127' title='bbox 983 1881 1124 1942; x_wconf 89' lang='lat' dir='ltr'><strong>tractatu</strong></span> <span class='ocrx_word' id='word_1_128' title='bbox 1147 1877 1180 1940; x_wconf 93' lang='lat' dir='ltr'><strong>in</strong></span> <span class='ocrx_word' id='word_1_129' title='bbox 1196 1897 1303 1940; x_wconf 90' lang='lat' dir='ltr'><strong>eorum</strong></span> <span class='ocrx_word' id='word_1_130' title='bbox 1321 1875 1410 1940; x_wconf 92' lang='lat' dir='ltr'><strong>locis.</strong></span> 
     </span>
     <span class='ocr_line' id='line_1_16' title="bbox 260 1976 1409 2066; baseline 0.003 -25"><span class='ocrx_word' id='word_1_131' title='bbox 260 1976 340 2042; x_wconf 89' lang='lat' dir='ltr'><strong>Item</strong></span> <span class='ocrx_word' id='word_1_132' title='bbox 364 1981 476 2064; x_wconf 88' lang='lat' dir='ltr'><strong>scripsi</strong></span> <span class='ocrx_word' id='word_1_133' title='bbox 499 1983 595 2047; x_wconf 89' lang='lat' dir='ltr'><strong>etiam</strong></span> <span class='ocrx_word' id='word_1_134' title='bbox 618 1984 787 2066; x_wconf 86' lang='lat' dir='ltr'><strong>epistolam</strong></span> <span class='ocrx_word' id='word_1_135' title='bbox 810 1982 891 2047; x_wconf 83' lang='lat' dir='ltr'><strong>Rebi</strong></span> <span class='ocrx_word' id='word_1_136' title='bbox 916 1981 1072 2047; x_wconf 81' lang='lat' dir='ltr'><strong>Samuelis</strong></span> <span class='ocrx_word' id='word_1_137' title='bbox 1097 1981 1213 2046; x_wconf 86' lang='lat' dir='ltr'><strong>Hebrei</strong></span> <span class='ocrx_word' id='word_1_138' title='bbox 1236 1979 1314 2045; x_wconf 88' lang='lat' dir='ltr'><strong>satis</strong></span> <span class='ocrx_word' id='word_1_139' title='bbox 1337 1980 1409 2045; x_wconf 91' lang='lat' dir='ltr'><strong>lon-</strong></span> 
     </span>
     <span class='ocr_line' id='line_1_17' title="bbox 259 2084 1410 2172; baseline 0.001 -25"><span class='ocrx_word' id='word_1_140' title='bbox 259 2103 343 2166; x_wconf 85' lang='lat' dir='ltr'><strong>gam,</strong></span> <span class='ocrx_word' id='word_1_141' title='bbox 360 2087 525 2151; x_wconf 88' lang='lat' dir='ltr'><strong>continens</strong></span> <span class='ocrx_word' id='word_1_142' title='bbox 541 2087 678 2172; x_wconf 84' lang='lat' dir='ltr'><strong>triginta</strong></span> <span class='ocrx_word' id='word_1_143' title='bbox 689 2088 754 2152; x_wconf 90' lang='lat' dir='ltr'><strong>tria</strong></span> <span class='ocrx_word' id='word_1_144' title='bbox 770 2087 921 2171; x_wconf 85' lang='lat' dir='ltr'><strong>capitula,</strong></span> <span class='ocrx_word' id='word_1_145' title='bbox 937 2088 1028 2152; x_wconf 90' lang='lat' dir='ltr'><strong>valde</strong></span> <span class='ocrx_word' id='word_1_146' title='bbox 1043 2087 1131 2152; x_wconf 90' lang='lat' dir='ltr'><strong>utilis</strong></span> <span class='ocrx_word' id='word_1_147' title='bbox 1147 2107 1205 2170; x_wconf 91' lang='lat' dir='ltr'><strong>pro</strong></span> <span class='ocrx_word' id='word_1_148' title='bbox 1216 2084 1410 2149; x_wconf 86' lang='lat' dir='ltr'><strong>Christianis</strong></span> 
     </span>
     <span class='ocr_line' id='line_1_18' title="bbox 260 2191 1066 2277; baseline 0.007 -25"><span class='ocrx_word' id='word_1_149' title='bbox 260 2191 292 2252; x_wconf 86' lang='lat' dir='ltr'><strong>et</strong></span> <span class='ocrx_word' id='word_1_150' title='bbox 314 2195 427 2256; x_wconf 88' lang='lat' dir='ltr'><strong>contra</strong></span> <span class='ocrx_word' id='word_1_151' title='bbox 449 2191 575 2273; x_wconf 90' lang='lat' dir='ltr'><strong>Jndeos,</strong></span> <span class='ocrx_word' id='word_1_152' title='bbox 601 2216 662 2277; x_wconf 91' lang='lat' dir='ltr'><strong>que</strong></span> <span class='ocrx_word' id='word_1_153' title='bbox 685 2192 822 2258; x_wconf 89' lang='lat' dir='ltr'><strong>habetur</strong></span> <span class='ocrx_word' id='word_1_154' title='bbox 845 2191 930 2256; x_wconf 88' lang='lat' dir='ltr'><strong>infra</strong></span> <span class='ocrx_word' id='word_1_155' title='bbox 953 2191 1030 2257; x_wconf 89' lang='lat' dir='ltr'><strong>folio</strong></span> <span class='ocrx_word' id='word_1_156' title='bbox 1045 2191 1066 2258; x_wconf 83' lang='lat'><strong>⁶.</strong></span> 
     </span>
    </p>

    <p class='ocr_par' dir='ltr' id='par_1_3' title="bbox 262 2283 1409 2490">
     <span class='ocr_line' id='line_1_19' title="bbox 346 2283 1409 2382; baseline 0.002 -24"><span class='ocrx_word' id='word_1_157' title='bbox 346 2294 455 2360; x_wconf 86' lang='lat' dir='ltr'><strong>Tertio</strong></span> <span class='ocrx_word' id='word_1_158' title='bbox 477 2299 627 2382; x_wconf 87' lang='lat' dir='ltr'><strong>occupavi</strong></span> <span class='ocrx_word' id='word_1_159' title='bbox 650 2321 701 2362; x_wconf 92' lang='lat' dir='ltr'><strong>me</strong></span> <span class='ocrx_word' id='word_1_160' title='bbox 723 2299 757 2362; x_wconf 92' lang='lat' dir='ltr'><strong>in</strong></span> <span class='ocrx_word' id='word_1_161' title='bbox 781 2298 942 2378; x_wconf 85' lang='lat' dir='ltr'><strong>exercitio,</strong></span> <span class='ocrx_word' id='word_1_162' title='bbox 966 2283 1141 2382; x_wconf 86' lang='lat' dir='ltr'><strong>quoderat</strong></span> <span class='ocrx_word' id='word_1_163' title='bbox 1161 2300 1286 2360; x_wconf 88' lang='lat' dir='ltr'><strong>tantum</strong></span> <span class='ocrx_word' id='word_1_164' title='bbox 1311 2296 1409 2378; x_wconf 91' lang='lat' dir='ltr'><strong>spiri-</strong></span> 
     </span>
     <span class='ocr_line' id='line_1_20' title="bbox 262 2399 928 2490; baseline 0.011 -28"><span class='ocrx_word' id='word_1_165' title='bbox 262 2399 348 2464; x_wconf 90' lang='lat' dir='ltr'><strong>tuale</strong></span> <span class='ocrx_word' id='word_1_166' title='bbox 372 2401 415 2484; x_wconf 89' lang='lat' dir='ltr'><strong>[p.</strong></span> <span class='ocrx_word' id='word_1_167' title='bbox 440 2403 491 2482; x_wconf 82' lang='grc'><strong>86,</strong></span> <span class='ocrx_word' id='word_1_168' title='bbox 515 2404 555 2468; x_wconf 86' lang='grc'><strong>87</strong></span> <span class='ocrx_word' id='word_1_169' title='bbox 581 2405 644 2468; x_wconf 92' lang='lat' dir='ltr'><strong>und</strong></span> <span class='ocrx_word' id='word_1_170' title='bbox 669 2404 710 2468; x_wconf 89' lang='lat'><strong>88</strong></span> <span class='ocrx_word' id='word_1_171' title='bbox 735 2405 753 2468; x_wconf 88' lang='lat'><strong>7</strong></span> <span class='ocrx_word' id='word_1_172' title='bbox 777 2401 889 2490; x_wconf 84' lang='lat' dir='ltr'><strong>zellen]</strong></span> <span class='ocrx_word' id='word_1_173' title='bbox 905 2401 928 2469; x_wconf 78' lang='lat'><strong>⁶.</strong></span> 
     </span>
    </p>

    <p class='ocr_par' dir='ltr' id='par_1_4' title="bbox 259 2504 1410 2784">
     <span class='ocr_line' id='line_1_21' title="bbox 347 2504 1410 2592; baseline -0.001 -23"><span class='ocrx_word' id='word_1_174' title='bbox 347 2504 577 2572; x_wconf 87' lang='lat' dir='ltr'><strong>Recedentibus</strong></span> <span class='ocrx_word' id='word_1_175' title='bbox 592 2513 698 2572; x_wconf 87' lang='lat' dir='ltr'><strong>autem</strong></span> <span class='ocrx_word' id='word_1_176' title='bbox 710 2509 854 2592; x_wconf 89' lang='lat' dir='ltr'><strong>patronis</strong></span> <span class='ocrx_word' id='word_1_177' title='bbox 869 2529 940 2572; x_wconf 91' lang='lat' dir='ltr'><strong>cum</strong></span> <span class='ocrx_word' id='word_1_178' title='bbox 956 2507 1134 2592; x_wconf 84' lang='lat' dir='ltr'><strong>peregrinis</strong></span> <span class='ocrx_word' id='word_1_179' title='bbox 1149 2506 1187 2570; x_wconf 91' lang='lat' dir='ltr'><strong>de</strong></span> <span class='ocrx_word' id='word_1_180' title='bbox 1199 2504 1410 2586; x_wconf 88' lang='lat' dir='ltr'><strong>Iberusalem,</strong></span> 
     </span>
     <span class='ocr_line' id='line_1_22' title="bbox 259 2610 1408 2694; baseline 0.003 -21"><span class='ocrx_word' id='word_1_181' title='bbox 259 2613 295 2673; x_wconf 93' lang='lat' dir='ltr'><strong>ut</strong></span> <span class='ocrx_word' id='word_1_182' title='bbox 310 2631 407 2694; x_wconf 89' lang='lat' dir='ltr'><strong>supra</strong></span> <span class='ocrx_word' id='word_1_183' title='bbox 422 2611 540 2676; x_wconf 93' lang='lat' dir='ltr'><strong>dictum</strong></span> <span class='ocrx_word' id='word_1_184' title='bbox 565 2619 622 2694; x_wconf 93' lang='lat' dir='ltr'><strong>est,</strong></span> <span class='ocrx_word' id='word_1_185' title='bbox 647 2617 866 2678; x_wconf 87' lang='lat' dir='ltr'><strong>remanserunt</strong></span> <span class='ocrx_word' id='word_1_186' title='bbox 889 2614 921 2677; x_wconf 91' lang='lat' dir='ltr'><strong>in</strong></span> <span class='ocrx_word' id='word_1_187' title='bbox 939 2612 1131 2676; x_wconf 88' lang='lat' dir='ltr'><strong>Iherusalem</strong></span> <span class='ocrx_word' id='word_1_188' title='bbox 1155 2610 1328 2694; x_wconf 84' lang='lat' dir='ltr'><strong>peregrini,</strong></span> <span class='ocrx_word' id='word_1_189' title='bbox 1354 2633 1408 2676; x_wconf 91' lang='lat' dir='ltr'><strong>vo·</strong></span> 
     </span>
     <span class='ocr_line' id='line_1_23' title="bbox 260 2712 1409 2784; baseline 0.001 -7"><span class='ocrx_word' id='word_1_190' title='bbox 260 2713 361 2779; x_wconf 89' lang='lat' dir='ltr'><strong>lentes</strong></span> <span class='ocrx_word' id='word_1_191' title='bbox 377 2716 423 2780; x_wconf 90' lang='lat' dir='ltr'><strong>ire</strong></span> <span class='ocrx_word' id='word_1_192' title='bbox 445 2719 483 2782; x_wconf 91' lang='lat' dir='ltr'><strong>ad</strong></span> <span class='ocrx_word' id='word_1_193' title='bbox 500 2724 642 2784; x_wconf 87' lang='lat' dir='ltr'><strong>sanctam</strong></span> <span class='ocrx_word' id='word_1_194' title='bbox 661 2718 869 2782; x_wconf 82' lang='lat' dir='ltr'><strong>h&#39;atherinam</strong></span> <span class='ocrx_word' id='word_1_195' title='bbox 888 2718 1050 2782; x_wconf 87' lang='lat' dir='ltr'><strong>videlicet:</strong></span> <span class='ocrx_word' id='word_1_196' title='bbox 1074 2715 1229 2780; x_wconf 87' lang='lat' dir='ltr'><strong>Dominus</strong></span> <span class='ocrx_word' id='word_1_197' title='bbox 1242 2712 1409 2779; x_wconf 88' lang='lat' dir='ltr'><strong>Johannes</strong></span> 
     </span>
    </p>
   </div>
   <div class='ocr_carea' id='block_1_3' title="bbox 258 2820 1408 4491">
    <p class='ocr_par' dir='ltr' id='par_1_5' title="bbox 259 2820 1407 2976">
     <span class='ocr_line' id='line_1_24' title="bbox 259 2820 1407 2905; baseline 0.001 -22"><span class='ocrx_word' id='word_1_198' title='bbox 259 2839 362 2884; x_wconf 89' lang='lat' dir='ltr'><strong>comes</strong></span> <span class='ocrx_word' id='word_1_199' title='bbox 392 2822 430 2886; x_wconf 91' lang='lat' dir='ltr'><strong>de</strong></span> <span class='ocrx_word' id='word_1_200' title='bbox 451 2820 578 2904; x_wconf 79' lang='lat' dir='ltr'><strong>Salmti,</strong></span> <span class='ocrx_word' id='word_1_201' title='bbox 610 2825 755 2890; x_wconf 90' lang='lat' dir='ltr'><strong>dominus</strong></span> <span class='ocrx_word' id='word_1_202' title='bbox 778 2823 953 2889; x_wconf 87' lang='lat' dir='ltr'><strong>Smasmam</strong></span> <span class='ocrx_word' id='word_1_203' title='bbox 977 2822 1014 2886; x_wconf 91' lang='lat' dir='ltr'><strong>de</strong></span> <span class='ocrx_word' id='word_1_204' title='bbox 1036 2821 1261 2905; x_wconf 87' lang='lat' dir='ltr'><strong>Rappelstein,</strong></span> <span class='ocrx_word' id='word_1_205' title='bbox 1289 2841 1407 2896; x_wconf 86' lang='lat' dir='ltr'><strong>comes,</strong></span> 
     </span>
     <span class='ocr_line' id='line_1_25' title="bbox 826 2943 845 2976; baseline 0 0"><span class='ocrx_word' id='word_1_206' title='bbox 826 2943 845 2976; x_wconf 66' lang='grc' dir='ltr'><strong>’Κ-</strong></span> 
     </span>
    </p>

    <p class='ocr_par' dir='ltr' id='par_1_6' title="bbox 259 3009 1408 3084">
     <span class='ocr_line' id='line_1_26' title="bbox 259 3009 1408 3084; baseline 0 -20"><span class='ocrx_word' id='word_1_207' title='bbox 259 3011 361 3077; x_wconf 86' lang='lat' dir='ltr'><strong>haben,</strong></span> <span class='ocrx_word' id='word_1_208' title='bbox 380 3012 453 3068; x_wconf 83' lang='lat' dir='ltr'><strong>dena</strong></span> <span class='ocrx_word' id='word_1_209' title='bbox 472 3013 517 3068; x_wconf 89' lang='lat' dir='ltr'><strong>die</strong></span> <span class='ocrx_word' id='word_1_210' title='bbox 530 3013 659 3070; x_wconf 85' lang='lat' dir='ltr'><strong>ortalitia</strong></span> <span class='ocrx_word' id='word_1_211' title='bbox 671 3014 828 3071; x_wconf 85' lang='lat' dir='ltr'><strong>Salamonis</strong></span> <span class='ocrx_word' id='word_1_212' title='bbox 841 3013 932 3084; x_wconf 80' lang='lat' dir='ltr'><strong>aeigte</strong></span> <span class='ocrx_word' id='word_1_213' title='bbox 951 3030 1018 3067; x_wconf 86' lang='lat' dir='ltr'><strong>man</strong></span> <span class='ocrx_word' id='word_1_214' title='bbox 1038 3011 1082 3066; x_wconf 91' lang='lat' dir='ltr'><strong>bei</strong></span> <span class='ocrx_word' id='word_1_215' title='bbox 1096 3014 1180 3066; x_wconf 82' lang='lat' dir='ltr'><strong>Artas</strong></span> <span class='ocrx_word' id='word_1_216' title='bbox 1192 3009 1299 3082; x_wconf 75' lang='lat' dir='ltr'><strong>(orus)</strong></span> <span class='ocrx_word' id='word_1_217' title='bbox 1318 3011 1408 3066; x_wconf 83' lang='lat' dir='ltr'><strong>etwas</strong></span> 
     </span>
    </p>

    <p class='ocr_par' dir='ltr' id='par_1_7' title="bbox 260 3099 1407 3173">
     <span class='ocr_line' id='line_1_27' title="bbox 260 3099 1407 3173; baseline 0.001 -21"><span class='ocrx_word' id='word_1_218' title='bbox 260 3100 413 3156; x_wconf 87' lang='lat' dir='ltr'><strong>unterhalb</strong></span> <span class='ocrx_word' id='word_1_219' title='bbox 432 3101 481 3156; x_wconf 90' lang='lat' dir='ltr'><strong>der</strong></span> <span class='ocrx_word' id='word_1_220' title='bbox 497 3101 569 3169; x_wconf 85' lang='lat' dir='ltr'><strong>jetat</strong></span> <span class='ocrx_word' id='word_1_221' title='bbox 581 3102 675 3158; x_wconf 87' lang='lat' dir='ltr'><strong>Burak</strong></span> <span class='ocrx_word' id='word_1_222' title='bbox 688 3106 851 3173; x_wconf 82' lang='lat' dir='ltr'><strong>genennten</strong></span> <span class='ocrx_word' id='word_1_223' title='bbox 870 3102 960 3157; x_wconf 83' lang='lat' dir='ltr'><strong>leiche</strong></span> <span class='ocrx_word' id='word_1_224' title='bbox 974 3101 1128 3165; x_wconf 83' lang='lat' dir='ltr'><strong>Salomone,</strong></span> <span class='ocrx_word' id='word_1_225' title='bbox 1147 3099 1208 3155; x_wconf 88' lang='lat' dir='ltr'><strong>eine</strong></span> <span class='ocrx_word' id='word_1_226' title='bbox 1223 3099 1324 3154; x_wconf 87' lang='lat' dir='ltr'><strong>stunde</strong></span> <span class='ocrx_word' id='word_1_227' title='bbox 1343 3100 1407 3153; x_wconf 79' lang='lat' dir='ltr'><strong>aud-</strong></span> 
     </span>
    </p>

    <p class='ocr_par' dir='ltr' id='par_1_8' title="bbox 259 3185 1146 3258">
     <span class='ocr_line' id='line_1_28' title="bbox 259 3185 1146 3258; baseline 0 -19"><span class='ocrx_word' id='word_1_228' title='bbox 259 3185 385 3241; x_wconf 87' lang='lat' dir='ltr'><strong>vvestlich</strong></span> <span class='ocrx_word' id='word_1_229' title='bbox 403 3204 457 3243; x_wconf 88' lang='lat' dir='ltr'><strong>von</strong></span> <span class='ocrx_word' id='word_1_230' title='bbox 477 3188 648 3244; x_wconf 87' lang='lat' dir='ltr'><strong>Bethlehem.</strong></span> <span class='ocrx_word' id='word_1_231' title='bbox 687 3189 771 3244; x_wconf 88' lang='lat' dir='ltr'><strong>Baed.</strong></span> <span class='ocrx_word' id='word_1_232' title='bbox 792 3189 841 3243; x_wconf 79' lang='lat'><strong>142</strong></span> <span class='ocrx_word' id='word_1_233' title='bbox 860 3188 881 3242; x_wconf 88' lang='lat' dir='ltr'><strong>f.</strong></span> <span class='ocrx_word' id='word_1_234' title='bbox 918 3188 990 3258; x_wconf 88' lang='lat' dir='ltr'><strong>Sepp</strong></span> <span class='ocrx_word' id='word_1_235' title='bbox 1010 3189 1029 3252; x_wconf 91' lang='lat' dir='ltr'><strong>l,</strong></span> <span class='ocrx_word' id='word_1_236' title='bbox 1048 3187 1100 3242; x_wconf 83' lang='lat'><strong>583</strong></span> <span class='ocrx_word' id='word_1_237' title='bbox 1118 3186 1146 3240; x_wconf 86' lang='lat' dir='ltr'><strong>ff.</strong></span> 
     </span>
    </p>

    <p class='ocr_par' dir='ltr' id='par_1_9' title="bbox 258 3273 1408 4491">
     <span class='ocr_line' id='line_1_29' title="bbox 330 3273 1408 3332; baseline 0.002 -5"><span class='ocrx_word' id='word_1_238' title='bbox 330 3276 342 3327; x_wconf 94' lang='lat'>1</span> <span class='ocrx_word' id='word_1_239' title='bbox 363 3273 438 3328; x_wconf 84' lang='lat' dir='ltr'><strong>Mues</strong></span> <span class='ocrx_word' id='word_1_240' title='bbox 458 3277 533 3329; x_wconf 78' lang='lat' dir='ltr'><strong>»ter«</strong></span> <span class='ocrx_word' id='word_1_241' title='bbox 553 3275 662 3331; x_wconf 85' lang='lat' dir='ltr'><strong>heissen.</strong></span> <span class='ocrx_word' id='word_1_242' title='bbox 752 3277 861 3330; x_wconf 80' lang='lat' dir='ltr'><strong>2Muss</strong></span> <span class='ocrx_word' id='word_1_243' title='bbox 880 3275 1006 3332; x_wconf 84' lang='lat' dir='ltr'><strong>ellenbar</strong></span> <span class='ocrx_word' id='word_1_244' title='bbox 1025 3275 1115 3329; x_wconf 90' lang='lat' dir='ltr'><strong>Sabae</strong></span> <span class='ocrx_word' id='word_1_245' title='bbox 1133 3273 1242 3331; x_wconf 79' lang='lat' dir='ltr'><strong>beiden.</strong></span> <span class='ocrx_word' id='word_1_246' title='bbox 1313 3275 1331 3330; x_wconf 86' lang='lat'><strong>3</strong></span> <span class='ocrx_word' id='word_1_247' title='bbox 1350 3273 1408 3329; x_wconf 88' lang='lat' dir='ltr'><strong>Das</strong></span> 
     </span>
     <span class='ocr_line' id='line_1_30' title="bbox 258 3351 1407 3427; baseline 0 -11"><span class='ocrx_word' id='word_1_248' title='bbox 258 3361 321 3416; x_wconf 87' lang='lat' dir='ltr'><strong>sehr</strong></span> <span class='ocrx_word' id='word_1_249' title='bbox 341 3362 407 3426; x_wconf 87' lang='lat' dir='ltr'><strong>alte,</strong></span> <span class='ocrx_word' id='word_1_250' title='bbox 427 3361 511 3417; x_wconf 85' lang='lat' dir='ltr'><strong>hante</strong></span> <span class='ocrx_word' id='word_1_251' title='bbox 523 3365 593 3420; x_wconf 89' lang='lat' dir='ltr'><strong>noch</strong></span> <span class='ocrx_word' id='word_1_252' title='bbox 606 3363 774 3420; x_wconf 88' lang='lat' dir='ltr'><strong>bestehende</strong></span> <span class='ocrx_word' id='word_1_253' title='bbox 787 3351 992 3427; x_wconf 80' lang='lat' dir='ltr'><strong>Kreurkloster,</strong></span> <span class='ocrx_word' id='word_1_254' title='bbox 1012 3365 1065 3418; x_wconf 90' lang='lat' dir='ltr'><strong>Der</strong></span> <span class='ocrx_word' id='word_1_255' title='bbox 1078 3361 1282 3426; x_wconf 77' lang='lat' dir='ltr'><strong>etldusallabe,</strong></span> <span class='ocrx_word' id='word_1_256' title='bbox 1302 3361 1336 3417; x_wconf 83' lang='lat'><strong>20</strong></span> <span class='ocrx_word' id='word_1_257' title='bbox 1354 3363 1407 3416; x_wconf 91' lang='lat' dir='ltr'><strong>mi·</strong></span> 
     </span>
     <span class='ocr_line' id='line_1_31' title="bbox 258 3450 1407 3509; baseline 0.003 -8"><span class='ocrx_word' id='word_1_258' title='bbox 258 3451 346 3504; x_wconf 86' lang='lat' dir='ltr'><strong>auten</strong></span> <span class='ocrx_word' id='word_1_259' title='bbox 364 3450 542 3505; x_wconf 81' lang='lat' dir='ltr'><strong>sitdwestlich</strong></span> <span class='ocrx_word' id='word_1_260' title='bbox 563 3469 615 3508; x_wconf 89' lang='lat' dir='ltr'><strong>von</strong></span> <span class='ocrx_word' id='word_1_261' title='bbox 639 3453 805 3509; x_wconf 85' lang='lat' dir='ltr'><strong>Jerusalem.</strong></span> <span class='ocrx_word' id='word_1_262' title='bbox 843 3452 874 3507; x_wconf 92' lang='lat' dir='ltr'><strong>ln</strong></span> <span class='ocrx_word' id='word_1_263' title='bbox 902 3452 951 3507; x_wconf 90' lang='lat' dir='ltr'><strong>der</strong></span> <span class='ocrx_word' id='word_1_264' title='bbox 978 3452 1073 3506; x_wconf 79' lang='lat' dir='ltr'><strong>birche</strong></span> <span class='ocrx_word' id='word_1_265' title='bbox 1096 3451 1239 3506; x_wconf 86' lang='lat' dir='ltr'><strong>desselben</strong></span> <span class='ocrx_word' id='word_1_266' title='bbox 1258 3450 1328 3504; x_wconf 86' lang='lat' dir='ltr'><strong>vvird</strong></span> <span class='ocrx_word' id='word_1_267' title='bbox 1355 3450 1407 3506; x_wconf 89' lang='lat' dir='ltr'><strong>der</strong></span> 
     </span>
     <span class='ocr_line' id='line_1_32' title="bbox 258 3536 1407 3610; baseline 0 -18"><span class='ocrx_word' id='word_1_268' title='bbox 258 3538 303 3592; x_wconf 90' lang='lat' dir='ltr'><strong>ort</strong></span> <span class='ocrx_word' id='word_1_269' title='bbox 321 3537 444 3606; x_wconf 80' lang='lat' dir='ltr'><strong>geaeigt,</strong></span> <span class='ocrx_word' id='word_1_270' title='bbox 470 3557 512 3594; x_wconf 86' lang='lat' dir='ltr'><strong>wo</strong></span> <span class='ocrx_word' id='word_1_271' title='bbox 538 3540 587 3595; x_wconf 89' lang='lat' dir='ltr'><strong>dar</strong></span> <span class='ocrx_word' id='word_1_272' title='bbox 610 3541 695 3594; x_wconf 88' lang='lat' dir='ltr'><strong>baum</strong></span> <span class='ocrx_word' id='word_1_273' title='bbox 722 3541 886 3610; x_wconf 82' lang='lat' dir='ltr'><strong>gewachsen</strong></span> <span class='ocrx_word' id='word_1_274' title='bbox 913 3541 972 3595; x_wconf 89' lang='lat' dir='ltr'><strong>sein</strong></span> <span class='ocrx_word' id='word_1_275' title='bbox 990 3541 1057 3604; x_wconf 90' lang='lat' dir='ltr'><strong>soll,</strong></span> <span class='ocrx_word' id='word_1_276' title='bbox 1085 3557 1135 3594; x_wconf 87' lang='lat' dir='ltr'><strong>ans</strong></span> <span class='ocrx_word' id='word_1_277' title='bbox 1162 3539 1225 3594; x_wconf 87' lang='lat' dir='ltr'><strong>dem</strong></span> <span class='ocrx_word' id='word_1_278' title='bbox 1253 3536 1304 3590; x_wconf 89' lang='lat' dir='ltr'><strong>das</strong></span> <span class='ocrx_word' id='word_1_279' title='bbox 1322 3537 1407 3593; x_wconf 86' lang='lat' dir='ltr'><strong>krena</strong></span> 
     </span>
     <span class='ocr_line' id='line_1_33' title="bbox 259 3622 1407 3698; baseline 0.003 -21"><span class='ocrx_word' id='word_1_280' title='bbox 259 3622 362 3678; x_wconf 80' lang='lat' dir='ltr'><strong>Christi</strong></span> <span class='ocrx_word' id='word_1_281' title='bbox 381 3627 517 3696; x_wconf 80' lang='lat' dir='ltr'><strong>gefertigt</strong></span> <span class='ocrx_word' id='word_1_282' title='bbox 535 3628 637 3683; x_wconf 82' lang='lat' dir='ltr'><strong>vverde.</strong></span> <span class='ocrx_word' id='word_1_283' title='bbox 673 3629 759 3682; x_wconf 78' lang='lat' dir='ltr'><strong>Fabri</strong></span> <span class='ocrx_word' id='word_1_284' title='bbox 779 3629 810 3692; x_wconf 88' lang='lat'><strong>11,</strong></span> <span class='ocrx_word' id='word_1_285' title='bbox 830 3629 863 3684; x_wconf 81' lang='lat'><strong>27</strong></span> <span class='ocrx_word' id='word_1_286' title='bbox 883 3627 911 3682; x_wconf 85' lang='lat' dir='ltr'><strong>ff.</strong></span> <span class='ocrx_word' id='word_1_287' title='bbox 947 3627 1112 3698; x_wconf 83' lang='lat' dir='ltr'><strong>Tethop.</strong></span> <span class='ocrx_word' id='word_1_288' title='bbox 1133 3626 1290 3691; x_wconf 83' lang='lat' dir='ltr'><strong>11‚7aoff.</strong></span> <span class='ocrx_word' id='word_1_289' title='bbox 1323 3625 1407 3681; x_wconf 87' lang='lat' dir='ltr'><strong>Baed.</strong></span> 
     </span>
     <span class='ocr_line' id='line_1_34' title="bbox 260 3713 1407 3782; baseline 0.002 -16"><span class='ocrx_word' id='word_1_290' title='bbox 260 3713 308 3766; x_wconf 82' lang='lat'><strong>167</strong></span> <span class='ocrx_word' id='word_1_291' title='bbox 329 3713 358 3768; x_wconf 86' lang='lat' dir='ltr'><strong>tl&#39;.</strong></span> <span class='ocrx_word' id='word_1_292' title='bbox 390 3714 517 3770; x_wconf 88' lang='lat' dir='ltr'><strong>Walther</strong></span> <span class='ocrx_word' id='word_1_293' title='bbox 529 3717 657 3771; x_wconf 82' lang='lat' dir='ltr'><strong>erwtthnt</strong></span> <span class='ocrx_word' id='word_1_294' title='bbox 675 3717 729 3772; x_wconf 88' lang='lat' dir='ltr'><strong>den</strong></span> <span class='ocrx_word' id='word_1_295' title='bbox 743 3717 844 3771; x_wconf 89' lang='lat' dir='ltr'><strong>besuch</strong></span> <span class='ocrx_word' id='word_1_296' title='bbox 864 3717 951 3770; x_wconf 87' lang='lat' dir='ltr'><strong>dieses</strong></span> <span class='ocrx_word' id='word_1_297' title='bbox 964 3716 1084 3772; x_wconf 87' lang='lat' dir='ltr'><strong>klosters</strong></span> <span class='ocrx_word' id='word_1_298' title='bbox 1102 3717 1179 3772; x_wconf 88' lang='lat' dir='ltr'><strong>sonet</strong></span> <span class='ocrx_word' id='word_1_299' title='bbox 1191 3714 1325 3782; x_wconf 80' lang='lat' dir='ltr'><strong>hirgends</strong></span> <span class='ocrx_word' id='word_1_300' title='bbox 1344 3732 1407 3769; x_wconf 85' lang='lat' dir='ltr'><strong>aus·</strong></span> 
     </span>
     <span class='ocr_line' id='line_1_35' title="bbox 259 3799 1407 3876; baseline 0.003 -24"><span class='ocrx_word' id='word_1_301' title='bbox 259 3799 402 3854; x_wconf 83' lang='lat' dir='ltr'><strong>drr&#39;icklich</strong></span> <span class='ocrx_word' id='word_1_302' title='bbox 421 3802 479 3856; x_wconf 89' lang='lat' dir='ltr'><strong>und</strong></span> <span class='ocrx_word' id='word_1_303' title='bbox 498 3803 549 3858; x_wconf 91' lang='lat' dir='ltr'><strong>hat</strong></span> <span class='ocrx_word' id='word_1_304' title='bbox 567 3804 617 3859; x_wconf 90' lang='lat' dir='ltr'><strong>ihn</strong></span> <span class='ocrx_word' id='word_1_305' title='bbox 633 3805 784 3876; x_wconf 84' lang='lat' dir='ltr'><strong>jedenlalls</strong></span> <span class='ocrx_word' id='word_1_306' title='bbox 804 3805 857 3858; x_wconf 91' lang='lat' dir='ltr'><strong>mit</strong></span> <span class='ocrx_word' id='word_1_307' title='bbox 875 3805 939 3860; x_wconf 93' lang='lat' dir='ltr'><strong>dem</strong></span> <span class='ocrx_word' id='word_1_308' title='bbox 958 3821 1013 3860; x_wconf 90' lang='lat' dir='ltr'><strong>von</strong></span> <span class='ocrx_word' id='word_1_309' title='bbox 1031 3804 1072 3859; x_wconf 83' lang='lat' dir='ltr'><strong>st.</strong></span> <span class='ocrx_word' id='word_1_310' title='bbox 1091 3803 1213 3868; x_wconf 88' lang='lat' dir='ltr'><strong>Jobann,</strong></span> <span class='ocrx_word' id='word_1_311' title='bbox 1231 3801 1287 3857; x_wconf 84' lang='lat' dir='ltr'><strong>Ain</strong></span> <span class='ocrx_word' id='word_1_312' title='bbox 1300 3801 1407 3868; x_wconf 87' lang='lat' dir='ltr'><strong>Karim,</strong></span> 
     </span>
     <span class='ocr_line' id='line_1_36' title="bbox 260 3888 1407 3960; baseline 0.002 -18"><span class='ocrx_word' id='word_1_313' title='bbox 260 3888 428 3946; x_wconf 87' lang='lat' dir='ltr'><strong>verbunden.</strong></span> <span class='ocrx_word' id='word_1_314' title='bbox 534 3893 552 3946; x_wconf 80' lang='lat'>4</span> <span class='ocrx_word' id='word_1_315' title='bbox 571 3893 639 3947; x_wconf 85' lang='lat' dir='ltr'><strong>Eine</strong></span> <span class='ocrx_word' id='word_1_316' title='bbox 658 3911 688 3949; x_wconf 90' lang='lat' dir='ltr'><strong>so</strong></span> <span class='ocrx_word' id='word_1_317' title='bbox 706 3893 791 3947; x_wconf 84' lang='lat' dir='ltr'><strong>karae</strong></span> <span class='ocrx_word' id='word_1_318' title='bbox 811 3893 867 3946; x_wconf 89' lang='lat' dir='ltr'><strong>und</strong></span> <span class='ocrx_word' id='word_1_319' title='bbox 888 3892 956 3948; x_wconf 88' lang='lat' dir='ltr'><strong>doeh</strong></span> <span class='ocrx_word' id='word_1_320' title='bbox 976 3909 1005 3948; x_wconf 90' lang='lat' dir='ltr'><strong>so</strong></span> <span class='ocrx_word' id='word_1_321' title='bbox 1025 3889 1213 3960; x_wconf 80' lang='lat' dir='ltr'><strong>vollsttndige</strong></span> <span class='ocrx_word' id='word_1_322' title='bbox 1233 3890 1407 3960; x_wconf 75' lang='lat' dir='ltr'><strong>sufaahlung</strong></span> 
     </span>
     <span class='ocr_line' id='line_1_37' title="bbox 258 3977 1406 4049; baseline 0.003 -19"><span class='ocrx_word' id='word_1_323' title='bbox 258 3977 307 4033; x_wconf 90' lang='lat' dir='ltr'><strong>der</strong></span> <span class='ocrx_word' id='word_1_324' title='bbox 326 3980 433 4033; x_wconf 66' lang='lat' dir='ltr'><strong>stetten</strong></span> <span class='ocrx_word' id='word_1_325' title='bbox 461 3978 490 4033; x_wconf 91' lang='lat' dir='ltr'><strong>in</strong></span> <span class='ocrx_word' id='word_1_326' title='bbox 509 3979 656 4035; x_wconf 75' lang='lat' dir='ltr'><strong>Peltstina</strong></span> <span class='ocrx_word' id='word_1_327' title='bbox 682 3981 746 4048; x_wconf 80' lang='lat' dir='ltr'><strong>(mit</strong></span> <span class='ocrx_word' id='word_1_328' title='bbox 773 3981 925 4035; x_wconf 87' lang='lat' dir='ltr'><strong>ausnahme</strong></span> <span class='ocrx_word' id='word_1_329' title='bbox 948 3999 1002 4037; x_wconf 87' lang='lat' dir='ltr'><strong>von</strong></span> <span class='ocrx_word' id='word_1_330' title='bbox 1023 3980 1152 4035; x_wconf 83' lang='lat' dir='ltr'><strong>Galilaea</strong></span> <span class='ocrx_word' id='word_1_331' title='bbox 1180 3978 1237 4032; x_wconf 89' lang='lat' dir='ltr'><strong>und</strong></span> <span class='ocrx_word' id='word_1_332' title='bbox 1258 3978 1406 4049; x_wconf 81' lang='lat' dir='ltr'><strong>Samaria),</strong></span> 
     </span>
     <span class='ocr_line' id='line_1_38' title="bbox 258 4065 1404 4138; baseline 0.003 -20"><span class='ocrx_word' id='word_1_333' title='bbox 258 4081 296 4118; x_wconf 87' lang='lat' dir='ltr'><strong>an</strong></span> <span class='ocrx_word' id='word_1_334' title='bbox 315 4065 419 4120; x_wconf 86' lang='lat' dir='ltr'><strong>welche</strong></span> <span class='ocrx_word' id='word_1_335' title='bbox 436 4066 482 4121; x_wconf 89' lang='lat' dir='ltr'><strong>dis</strong></span> <span class='ocrx_word' id='word_1_336' title='bbox 499 4065 638 4123; x_wconf 88' lang='lat' dir='ltr'><strong>tradition</strong></span> <span class='ocrx_word' id='word_1_337' title='bbox 657 4067 792 4122; x_wconf 86' lang='lat' dir='ltr'><strong>biblisehe</strong></span> <span class='ocrx_word' id='word_1_338' title='bbox 806 4073 951 4138; x_wconf 77' lang='lat' dir='ltr'><strong>vorgtnge</strong></span> <span class='ocrx_word' id='word_1_339' title='bbox 970 4068 1083 4138; x_wconf 79' lang='lat' dir='ltr'><strong>kndpft,</strong></span> <span class='ocrx_word' id='word_1_340' title='bbox 1101 4065 1190 4120; x_wconf 88' lang='lat' dir='ltr'><strong>findet</strong></span> <span class='ocrx_word' id='word_1_341' title='bbox 1208 4066 1266 4120; x_wconf 82' lang='lat' dir='ltr'><strong>sloh</strong></span> <span class='ocrx_word' id='word_1_342' title='bbox 1284 4065 1329 4120; x_wconf 92' lang='lat' dir='ltr'><strong>bei</strong></span> <span class='ocrx_word' id='word_1_343' title='bbox 1348 4065 1404 4121; x_wconf 86' lang='lat' dir='ltr'><strong>kei·</strong></span> 
     </span>
     <span class='ocr_line' id='line_1_39' title="bbox 259 4153 1406 4226; baseline 0.001 -21"><span class='ocrx_word' id='word_1_344' title='bbox 259 4169 322 4206; x_wconf 85' lang='lat' dir='ltr'><strong>nem</strong></span> <span class='ocrx_word' id='word_1_345' title='bbox 344 4153 451 4208; x_wconf 87' lang='lat' dir='ltr'><strong>andern</strong></span> <span class='ocrx_word' id='word_1_346' title='bbox 470 4153 683 4226; x_wconf 83' lang='lat' dir='ltr'><strong>gleichzeitigen</strong></span> <span class='ocrx_word' id='word_1_347' title='bbox 702 4155 802 4224; x_wconf 87' lang='lat' dir='ltr'><strong>pilger.</strong></span> <span class='ocrx_word' id='word_1_348' title='bbox 896 4161 911 4212; x_wconf 87' lang='lat'>5</span> <span class='ocrx_word' id='word_1_349' title='bbox 932 4156 966 4210; x_wconf 86' lang='lat' dir='ltr'><strong>Es</strong></span> <span class='ocrx_word' id='word_1_350' title='bbox 985 4155 1073 4210; x_wconf 87' lang='lat' dir='ltr'><strong>findet</strong></span> <span class='ocrx_word' id='word_1_351' title='bbox 1091 4155 1150 4209; x_wconf 90' lang='lat' dir='ltr'><strong>sich</strong></span> <span class='ocrx_word' id='word_1_352' title='bbox 1167 4154 1206 4208; x_wconf 92' lang='lat' dir='ltr'><strong>im</strong></span> <span class='ocrx_word' id='word_1_353' title='bbox 1228 4153 1313 4210; x_wconf 86' lang='lat' dir='ltr'><strong>codex</strong></span> <span class='ocrx_word' id='word_1_354' title='bbox 1332 4171 1406 4209; x_wconf 85' lang='lat' dir='ltr'><strong>zwar</strong></span> 
     </span>
     <span class='ocr_line' id='line_1_40' title="bbox 258 4239 1405 4312; baseline 0.002 -18"><span class='ocrx_word' id='word_1_355' title='bbox 258 4239 319 4294; x_wconf 89' lang='lat' dir='ltr'><strong>eine</strong></span> <span class='ocrx_word' id='word_1_356' title='bbox 338 4241 423 4310; x_wconf 86' lang='lat' dir='ltr'><strong>lange</strong></span> <span class='ocrx_word' id='word_1_357' title='bbox 441 4241 626 4312; x_wconf 83' lang='lat' dir='ltr'><strong>abhandlung</strong></span> <span class='ocrx_word' id='word_1_358' title='bbox 644 4243 712 4298; x_wconf 82' lang='lat' dir='ltr'><strong>uber</strong></span> <span class='ocrx_word' id='word_1_359' title='bbox 731 4243 776 4298; x_wconf 92' lang='lat' dir='ltr'><strong>die</strong></span> <span class='ocrx_word' id='word_1_360' title='bbox 793 4244 926 4298; x_wconf 80' lang='lat' dir='ltr'><strong>irrtdmer</strong></span> <span class='ocrx_word' id='word_1_361' title='bbox 945 4244 993 4298; x_wconf 90' lang='lat' dir='ltr'><strong>der</strong></span> <span class='ocrx_word' id='word_1_362' title='bbox 1011 4241 1103 4297; x_wconf 90' lang='lat' dir='ltr'><strong>Juden</strong></span> <span class='ocrx_word' id='word_1_363' title='bbox 1123 4241 1179 4295; x_wconf 92' lang='lat' dir='ltr'><strong>und</strong></span> <span class='ocrx_word' id='word_1_364' title='bbox 1198 4241 1260 4296; x_wconf 86' lang='lat' dir='ltr'><strong>eine</strong></span> <span class='ocrx_word' id='word_1_365' title='bbox 1277 4241 1405 4296; x_wconf 86' lang='lat' dir='ltr'><strong>widerle·</strong></span> 
     </span>
     <span class='ocr_line' id='line_1_41' title="bbox 258 4327 1405 4399; baseline 0.002 -19"><span class='ocrx_word' id='word_1_366' title='bbox 258 4345 338 4398; x_wconf 81' lang='lat' dir='ltr'><strong>gung</strong></span> <span class='ocrx_word' id='word_1_367' title='bbox 355 4327 508 4394; x_wconf 75' lang='lat' dir='ltr'><strong>desselben,</strong></span> <span class='ocrx_word' id='word_1_368' title='bbox 527 4329 617 4386; x_wconf 88' lang='lat' dir='ltr'><strong>dieser</strong></span> <span class='ocrx_word' id='word_1_369' title='bbox 636 4331 710 4387; x_wconf 83' lang='lat' dir='ltr'><strong>brief</strong></span> <span class='ocrx_word' id='word_1_370' title='bbox 728 4333 794 4388; x_wconf 87' lang='lat' dir='ltr'><strong>aber</strong></span> <span class='ocrx_word' id='word_1_371' title='bbox 814 4333 901 4388; x_wconf 91' lang='lat' dir='ltr'><strong>nicht.</strong></span> <span class='ocrx_word' id='word_1_372' title='bbox 1007 4335 1023 4386; x_wconf 87' lang='grc'>6</span> <span class='ocrx_word' id='word_1_373' title='bbox 1042 4331 1109 4386; x_wconf 90' lang='lat' dir='ltr'><strong>Hier</strong></span> <span class='ocrx_word' id='word_1_374' title='bbox 1134 4330 1208 4399; x_wconf 85' lang='lat' dir='ltr'><strong>folgt</strong></span> <span class='ocrx_word' id='word_1_375' title='bbox 1227 4329 1288 4384; x_wconf 90' lang='lat' dir='ltr'><strong>eine</strong></span> <span class='ocrx_word' id='word_1_376' title='bbox 1306 4345 1405 4399; x_wconf 81' lang='lat' dir='ltr'><strong>mange</strong></span> 
     </span>
     <span class='ocr_line' id='line_1_42' title="bbox 260 4414 1403 4491; baseline 0.003 -22"><span class='ocrx_word' id='word_1_377' title='bbox 260 4431 313 4470; x_wconf 90' lang='lat' dir='ltr'><strong>von</strong></span> <span class='ocrx_word' id='word_1_378' title='bbox 328 4414 565 4488; x_wconf 78' lang='lat' dir='ltr'><strong>gebetstibungen‚</strong></span> <span class='ocrx_word' id='word_1_379' title='bbox 578 4419 625 4476; x_wconf 91' lang='lat' dir='ltr'><strong>die</strong></span> <span class='ocrx_word' id='word_1_380' title='bbox 635 4419 765 4474; x_wconf 87' lang='lat' dir='ltr'><strong>Walther</strong></span> <span class='ocrx_word' id='word_1_381' title='bbox 779 4420 843 4476; x_wconf 83' lang='lat' dir='ltr'><strong>teile</strong></span> <span class='ocrx_word' id='word_1_382' title='bbox 858 4419 974 4491; x_wconf 71' lang='lat' dir='ltr'><strong>taglich,</strong></span> <span class='ocrx_word' id='word_1_383' title='bbox 987 4418 1051 4474; x_wconf 83' lang='lat' dir='ltr'><strong>teile</strong></span> <span class='ocrx_word' id='word_1_384' title='bbox 1065 4417 1216 4488; x_wconf 81' lang='lat' dir='ltr'><strong>asitvveilig</strong></span> <span class='ocrx_word' id='word_1_385' title='bbox 1229 4415 1403 4473; x_wconf 84' lang='lat' dir='ltr'><strong>verrichtete.</strong></span> 
     </span>
    </p>
   </div>
   <div class='ocr_carea' id='block_1_4' title="bbox 0 0 1532 4942">
    <p class='ocr_par' dir='ltr' id='par_1_10' title="bbox 0 0 1532 4942">
     <span class='ocr_line' id='line_1_43' title="bbox 0 0 1532 4942; baseline 0 0"><span class='ocrx_word' id='word_1_386' title='bbox 0 0 1532 4942; x_wconf 95' lang='lat' dir='ltr'><strong> </strong></span> 
     </span>
    </p>
   </div>
  </div>
 </body>
</html>
