3062 4938
641 291 683 364 47

93 495 126 538 ax
146 471 215 538 iure
237 477 305 538 tarn
328 491 368 537 ex
383 471 666 537 constitutionibus
681 471 800 536 ordinis
824 493 843 535 a
865 472 937 537 sede
960 469 1135 557 apostolica
1159 494 1233 538 con·
1270 494 1279 509 ·

93 578 221 643 firmatis
244 580 278 643 et
299 598 466 660 nunquam
497 576 661 642 absolutus
693 577 770 642 licet
803 577 966 661 recepistis
1003 579 1234 644 ahsolutionem

93 682 122 747 in
143 688 286 748 extrema
307 682 507 748 infirmitate.
554 679 672 746 Verum
697 685 760 761 est,
788 682 815 745 si
837 689 982 747 mortuus
1005 683 1156 762 fuissetis,
1180 683 1236 747 ab·

92 788 203 854 solutio
218 787 384 868 tenuisset,
410 787 463 852 sed
478 786 716 852 convalescente
730 786 858 851 infirmo
874 788 1030 853 relabitur
1053 789 1087 852 in
1104 789 1234 853 candem

94 893 445 959 excommunicationem
463 891 484 972 ¹,
507 892 644 956 maxime
659 913 730 956 curn
746 913 809 956 non
826 899 931 957 servat
946 894 1146 976 promissum,
1170 894 1236 958 fac·

93 1004 156 1064 tum
179 999 215 1062 in
229 997 437 1064 confessione.
482 995 564 1061 Item
586 1018 642 1061 vos
664 998 741 1061 estis
763 997 859 1062 etiam
876 998 1071 1084 irregularis,
1094 1005 1132 1064 ut
1158 1000 1237 1064 mihi

92 1105 224 1186 videtur,
247 1103 334 1188 quia,
357 1108 394 1168 ut
415 1103 533 1167 dicturo
558 1107 615 1182 est,
639 1101 776 1168 scienter
799 1104 1091 1168 excommunicatus
1115 1104 1236 1168 immis-

91 1209 198 1273 cuistis
220 1229 276 1274 vos
299 1208 413 1272 divinis
435 1206 551 1272 officiis
574 1212 606 1272 et
630 1229 752 1273 sacram
766 1209 1021 1273 communionem
1045 1210 1077 1272 in
1101 1209 1238 1272 infirmi-

91 1319 154 1378 tate
170 1319 313 1380 extrema
329 1313 513 1397 suscepistis
537 1316 569 1377 ct
585 1317 697 1397 postea
712 1334 776 1378 non
793 1314 937 1378 curastis.
983 1313 1065 1378 Item
1081 1335 1136 1378 vos
1152 1313 1238 1392 estis,

92 1424 126 1482 ut
147 1419 246 1483 timeo
269 1418 423 1502 amplius,
446 1417 575 1482 inabilis
599 1419 637 1482 ad
660 1418 802 1483 officium
825 1419 1019 1483 sacerdotale
1042 1423 1074 1484 et
1096 1420 1135 1484 ad
1158 1420 1237 1484 alias

94 1525 266 1609 dignitates
289 1524 428 1604 ordinis,
462 1525 523 1588 nisi
556 1525 712 1589 autoritas
735 1525 938 1588 reabilitandi
968 1525 1158 1590 concedatur
1180 1547 1239 1608 per

91 1629 195 1693 sedem
218 1628 435 1712 apostolicam.
481 1627 683 1712 Quapropter
712 1649 750 1692 cx
773 1633 842 1693 toto
865 1629 958 1693 corde
981 1635 1013 1692 et
1035 1629 1123 1693 omni
1146 1631 1238 1693 modo

90 1735 205 1799 suadeo
226 1733 334 1813 vobis,
368 1739 405 1797 ut
436 1755 499 1798 non
522 1733 678 1798 differatis
710 1734 796 1798 exire
825 1735 863 1798 de
892 1734 949 1799 illo
972 1735 1240 1817 periculosissimo

88 1845 185 1905 statu.
230 1837 427 1925 Obligamini
461 1839 545 1904 enirn
575 1840 684 1904 statim
708 1839 888 1923 relinquere
917 1859 1048 1904 uxorem
1072 1845 1104 1904 et
1126 1860 1240 1922 pueros

89 1949 122 2010 et
143 1946 260 2024 omnia,
285 1965 346 2028 que
368 1944 535 2026 possidetis
558 1945 591 2008 in
615 1945 731 2009 mundo
747 1941 778 2022 ’ς
802 1945 914 2008 melius
937 1949 984 2009 est
1008 1945 1092 2008 enirn
1117 1945 1238 2008 mendi-

89 2072 160 2114 care
182 2072 314 2114 uxorem
340 2051 384 2134 [p.
409 2048 466 2132 25]
489 2055 521 2114 et
550 2070 664 2133 pueros
694 2050 727 2112 in
757 2050 863 2132 gratia
884 2049 951 2128 dei,
984 2072 1078 2133 quam
1102 2049 1238 2113 animam

89 2161 227 2220 vestram
244 2155 386 2239 pretioso
400 2156 556 2240 sauguine
572 2153 692 2218 Christi
707 2155 904 2238 redemptam
926 2156 1059 2239 perdere
1081 2156 1115 2218 in
1132 2153 1239 2218 iehen·

88 2281 173 2339 nam,
196 2265 267 2324 tum
292 2262 368 2345 quia
390 2261 568 2344 periculum
593 2265 642 2324 est
658 2261 753 2324 etiarn
777 2261 810 2324 in
827 2282 924 2340 mora,
949 2265 1018 2324 tum
1042 2259 1167 2344 quiesi
1191 2260 1240 2323 in·

88 2365 179 2429 stitia
201 2366 281 2430 insti
304 2366 417 2431 iudicis
439 2372 472 2431 et
495 2387 603 2432 severa
625 2367 674 2430 ira
697 2367 747 2431 dei
769 2389 825 2432 vos
847 2367 881 2430 in
904 2366 961 2431 illo
983 2371 1070 2430 statu
1085 2367 1241 2431 sceleroso

91 2469 318 2552 deprehendat,
341 2493 414 2537 vere
437 2477 470 2536 et
492 2472 621 2536 indubie
644 2473 733 2536 eritis
757 2473 840 2536 filius
864 2477 973 2536 eterne
994 2471 1239 2554 dampnationis,

90 2577 158 2638 tum
184 2575 261 2658 quia
283 2576 412 2642 nescitis
435 2577 517 2642 diem
541 2599 644 2662 neque
667 2578 788 2657 horam,
811 2579 843 2641 in
868 2601 932 2662 qua
953 2599 1008 2642 vos
1031 2579 1106 2642 dens
1128 2599 1242 2642 vocare

89 2679 128 2743 dc
150 2678 212 2746 hac
235 2680 302 2746 rita
326 2681 527 2766 disposuerit,
552 2687 620 2746 tum
644 2683 719 2768 qnia
741 2705 826 2748 mors
849 2689 896 2747 cst
919 2683 1041 2747 incerta
1064 2688 1096 2746 et
1118 2682 1240 2747 subita·

89 2805 149 2850 nea
183 2791 216 2850 et
250 2787 368 2870 ubique
391 2793 540 2872 expectat
572 2793 603 2852 et
636 2788 756 2853 nemini
789 2789 902 2872 parcit.
948 2785 1040 2852 Unde
1062 2788 1165 2852 avisat
1187 2809 1241 2852 vos

89 2889 152 2954 iam
176 2890 403 2974 dominusper
426 2893 617 2977 prophetam
641 2893 815 2958 dicentem:
850 2891 1020 2976 »Dispona
1043 2892 1098 2957 sal.
1122 2893 1184 2956 iam
1208 2893 1240 2957 in

90 2997 246 3077 presenti,
270 2997 378 3062 domui
401 3003 475 3080 tue,
507 2999 582 3084 qnia
606 2999 751 3064 morieris
773 3003 809 3063 tn
834 2999 918 3063 forte
940 2998 973 3061 in
997 2997 1054 3062 ilia
1076 3002 1168 3062 nocte
1190 2998 1242 3062 vel

91 3100 172 3166 hora
204 3103 312 3167 subito
346 3111 378 3168 et
410 3126 473 3168 non
496 3102 619 3185 γίνεθ’,
651 3104 707 3170 scl.
731 3105 869 3189 amplius
901 3108 1044 3187 tempore
1077 3103 1180 3187 gratio
1210 3110 1243 3166 et

650 3248 667 3280 Ι

92 3341 156 3382 rom
172 3327 408 3398 priesterstande;
427 3346 445 3383 s
458 3328 603 3399 religione,
623 3328 713 3384 absall
729 3345 791 3385 vom
804 3328 1013 3385 ordensstande.
1041 3329 1129 3384 Wetr.
1142 3329 1242 3394 Welte,

91 3411 113 3478 1,
133 3415 176 3468 Ἡ.
211 3415 388 3486 Silbernagel
407 3417 468 3472 371.

162 3503 177 3557 l
206 3502 256 3558 Dic
274 3505 524 3562 excommunicatio
551 3505 640 3561 maior
667 3505 779 3561 bestcht
808 3505 838 3560 in
866 3504 916 3560 der
941 3504 1153 3574 vollstttndigen
1182 3520 1243 3558 aus·

93 3588 258 3662 schliessnng
277 3609 327 3646 sus
345 3591 394 3646 der
412 3591 535 3648 anderen
553 3593 611 3648 und
629 3593 745 3648 innsren
766 3592 970 3662 gemeinschaft
989 3592 1038 3647 der
1056 3591 1169 3655 birche,
1188 3597 1244 3648 rso-¹

94 3673 181 3732 durch
198 3678 247 3733 der
265 3679 403 3749 gastrafce
420 3680 523 3736 sowohl
542 3681 614 3736 aller
633 3679 757 3736 ausseren
775 3680 885 3744 rechte,
910 3679 1014 3734 welche
1032 3679 1078 3734 die
1096 3678 1240 3747 mitglied·

95 3763 185 3820 sehaft
211 3765 260 3822 der
278 3767 373 3822 kircha
400 3769 453 3822 mit
477 3767 535 3822 sich
554 3767 667 3837 bringt,
696 3768 738 3822 als
766 3769 839 3823 auch
857 3767 928 3823 aller
947 3768 1102 3822 teilnahme
1130 3785 1168 3822 an
1187 3765 1241 3820 den

97 3851 323 3919 gnsdenmitteln
342 3854 397 3909 und
418 3855 591 3911 wohithaten
611 3855 660 3909 dar
678 3853 773 3910 kircha
794 3855 931 3924 carlustig
949 3856 1028 3924 geht.
1066 3853 1116 3909 Die
1135 3869 1241 3910 exeom-

97 3939 249 3998 municatio
266 3941 358 3998 minor
370 3939 491 3997 schliesst
508 3959 561 3996 nur
574 3959 637 3997 vom
658 3941 809 4012 amptange
828 3941 878 3997 der
890 3944 1067 3998 sacramente
1086 3943 1136 3996 der
1149 3940 1242 3994 leben·
1332 4007 1337 4015 Ι

98 4025 181 4096 digen
193 4045 251 4095 aas,
263 4029 378 4084 hindert
390 4030 457 4085 aber
469 4028 548 4085 nicht
559 4028 613 4085 den
627 4029 733 4084 srworb
747 4029 913 4084 hirchlicher
927 4031 1028 4086 rechte.
1066 4025 1241 4095 Silbcrnagel

98 4111 157 4180 382,
174 4117 233 4173 386.
339 4117 356 4170 2
377 4117 420 4171 Da
438 4117 484 4172 die
501 4118 552 4172 che
571 4117 658 4172 dieses
677 4117 808 4186 priesters
821 4116 947 4187 nngiltig
965 4133 1031 4179 war,
1051 4115 1107 4169 und
1127 4113 1174 4166 fiir
1192 4114 1241 4166 ihn

100 4203 168 4256 auch
185 4203 265 4260 heire
285 4203 465 4273 mogiichkeit
486 4203 620 4265 bastand,
647 4203 709 4258 eine
726 4203 828 4274 giltige
846 4205 898 4258 ehe
915 4221 948 4256 zu
967 4199 1120 4263 schliessen,
1140 4199 1178 4251 ist
1197 4197 1243 4251 die

102 4285 249 4362 iordarnng
257 4289 308 4345 der
318 4293 468 4360 trennrmg,
480 4307 510 4346 so
519 4290 588 4344 hart
597 4289 636 4345 sie
645 4299 790 4344 mancnem
801 4288 960 4344 esscheinen
970 4303 1044 4356 mag,
1055 4284 1244 4340 volthomman

102 4377 320 4448 sssrcchtsertigt.
426 4379 548 4434 31saias
567 4375 609 4443 38,
630 4379 653 4434 l.
