3054 4942
784 353 845 420 172

242 531 275 592 et
306 527 435 592 omnino
468 526 637 611 perplexus
672 527 776 592 foetus
817 527 1027 611 ingemiscens
1059 527 1199 596 eiebem:
1237 527 1394 596 »Domine

242 631 337 696 lhesu
353 632 496 697 Christe!
519 632 595 698 deus
619 653 715 712 mens,
741 636 876 712 creator,
899 631 1053 698 liberator
1075 637 1108 700 et
1124 633 1275 726 endintor
1289 639 1393 718 mens!

242 736 290 802 Tu
313 741 428 802 onnotn
450 736 534 802 nosti
558 738 591 802 et
612 735 690 812 sois,
728 737 811 821 quod
843 757 905 801 non
937 737 1008 802 misi
1039 759 1099 820 pro
1129 737 1192 804 hiis
1214 740 1353 823 negotiis
1372 737 1392 808 ¹.

241 841 276 908 Si
299 847 407 908 entem
431 847 467 908 tu
489 841 642 906 ordinasti
667 846 700 906 et
722 841 907 926 disposuisti
930 863 1028 926 snper
1051 864 1109 922 me,
1132 843 1282 928 depreeor
1304 849 1393 910 tuem

242 947 442 1012 clementiam
467 951 500 1012 et
522 946 787 1026 misericordiam,
821 952 858 1012 ut
890 946 918 1012 si
949 969 1006 1031 per
1033 970 1084 1012 me
1106 948 1243 1016 debeent
1265 949 1333 1016 fieti
1355 951 1396 1016 ed

244 1053 394 1118 honorem
412 1051 460 1117 tui
476 1051 616 1118 nominis
630 1055 663 1115 et
679 1051 718 1116 sd
733 1051 913 1135 profestum
930 1051 1104 1120 ohristisne
1120 1053 1285 1140 religionis
1300 1059 1333 1120 et
1353 1057 1395 1122 ed

242 1157 390 1222 meritum
414 1160 445 1222 et
467 1156 506 1222 sd
529 1156 665 1222 salutem
688 1155 794 1222 snime
817 1177 903 1234 mee,
934 1157 1076 1248 digneris
1097 1180 1149 1226 me
1177 1159 1210 1226 in
1233 1158 1296 1224 hiis
1319 1181 1396 1224 oon·

241 1284 369 1328 servare
391 1267 510 1328 etcum
534 1268 590 1328 tus
605 1261 712 1345 gretie
735 1267 768 1328 et
782 1261 943 1346 sepientis
964 1261 1045 1328 mihi
1070 1263 1104 1328 in
1121 1264 1267 1330 omnibns
1281 1269 1396 1346 estere,

242 1371 274 1432 et
296 1389 346 1432 me
368 1366 402 1430 in
424 1368 546 1432 eunetis
561 1367 693 1451 agendis
709 1365 849 1450 dirigere
874 1371 907 1432 et
929 1367 971 1432 eb
987 1367 1136 1434 omnibus
1150 1369 1244 1435 melis
1258 1370 1398 1436 maxime

242 1497 261 1540 a
276 1473 415 1558 petentis
430 1474 607 1540 defendere.
651 1471 686 1540 Si
700 1476 807 1538 eutem
824 1471 988 1556 negotium
1006 1493 1072 1538 non
1094 1477 1142 1538 est
1164 1475 1202 1540 ed
1219 1479 1307 1540 tuem
1322 1474 1396 1560 glo-

159 1580 162 1586 '
242 1579 321 1642 riem
340 1583 372 1644 et
389 1579 526 1644 hnmano
542 1579 654 1662 generi
670 1578 708 1644 sd
726 1577 873 1656 salutem,
897 1578 1014 1644 iterum
1030 1579 1220 1664 suppliciter
1234 1581 1397 1665 deprecor,

241 1689 278 1748 nt
304 1683 456 1768 impedias
479 1687 511 1748 et
534 1705 597 1748 non
613 1683 783 1768 permittes
806 1705 902 1767 snper
924 1705 973 1750 ms
997 1685 1115 1750 venire.
1147 1682 1228 1750 Veni
1253 1685 1337 1751 enirn
1360 1687 1396 1752 in

244 1789 326 1854 hene
348 1793 466 1854 terrem
488 1788 530 1854 ob
553 1789 600 1854 tui
625 1788 777 1854 honorem
800 1792 833 1854 et
848 1809 986 1854 emonem
1010 1794 1042 1854 et
1065 1788 1104 1854 sd
1121 1789 1338 1858 meditandum
1360 1791 1396 1856 in

242 1916 320 1980 egro
342 1898 397 1960 tue
411 1894 607 1960 amarissime
623 1893 778 1978 passionis
801 1897 834 1960 et
849 1915 947 1978 opere
962 1899 1072 1960 nostre
1087 1893 1210 1976 salutis,
1234 1917 1296 1981 que
1317 1918 1395 1981 opo-

241 2005 329 2066 ratus
363 2021 424 2066 es«
473 2000 514 2065 Et
545 1999 631 2066 fonte
652 1999 797 2064 oratione
828 2004 862 2066 ot
893 1999 979 2064 dioto
1011 1999 1109 2064 misse
1129 1999 1243 2066 inoidit
1264 2000 1396 2067 fortiter

242 2106 341 2171 menti
364 2127 432 2172 mee
455 2105 516 2172 hoo
537 2105 747 2189 subsequens:
773 2102 931 2170 »Ostende
955 2107 1028 2169 tuos
1049 2103 1201 2184 deiectus,
1224 2127 1338 2172 excuss
1361 2111 1396 2172 te

242 2211 417 2288 humiliter,
440 2214 472 2274 et
487 2209 548 2288 feo,
571 2209 654 2294 quod
671 2210 704 2273 in
727 2215 760 2274 te
779 2213 845 2286 est3
868 2213 900 2274 et
922 2209 950 2274 si
966 2209 1145 2276 dimiserint
1160 2215 1201 2290 te,
1224 2211 1286 2276 eris
1309 2211 1393 2278 libe·

242 2322 347 2392 retus;
371 2317 398 2380 si
421 2321 527 2381 sutem
544 2316 655 2382 cedere
672 2314 795 2394 nolunt,
818 2315 956 2380 subiciet
978 2318 1011 2380 ts
1026 2315 1235 2380 obedientie«
1274 2315 1316 2382 Et
1338 2317 1395 2382 de·

240 2443 328 2486 mum
351 2418 432 2484 nihil
464 2419 550 2484 eliud
580 2421 722 2486 aseendit
753 2420 785 2484 in
820 2441 874 2486 oor
896 2441 1012 2500 meum,
1042 2420 1097 2486 sed
1129 2421 1219 2505 qussi
1243 2421 1395 2488 oontinue

240 2525 395 2608 eogitari:
419 2523 659 2590 »Obedientism
676 2526 800 2592 obicere
825 2525 911 2592 lioite
933 2547 998 2592 non
1013 2529 1135 2610 potes«.
1181 2525 1223 2590 Et
1245 2525 1279 2590 in
1295 2526 1396 2592 tertie

241 2630 301 2710 die,
325 2630 356 2694 in
381 2651 444 2714 qus
464 2633 532 2694 eret
547 2634 658 2696 notave
675 2630 776 2695 sensti
792 2628 950 2696 Johennis
967 2628 1112 2714 Baptiste
1134 2627 1168 2713 [1
1186 2626 1280 2712 JuliJ,
1304 2629 1396 2695 venit

240 2736 357 2799 iterum
381 2736 570 2800 reverendus
593 2737 685 2818 peter
707 2734 746 2799 ed
781 2757 831 2800 me
861 2739 895 2800 et
916 2733 1056 2798 sslnteto
1079 2733 1176 2800 dixit:
1208 2733 1395 2811 »Quomodo

241 2837 441 2906 deliberastis
463 2860 559 2924 super
580 2845 689 2905 nostre
713 2840 887 2925 negotist«
935 2837 994 2906 eui
1016 2839 1157 2906 (liesbern
1187 2837 1278 2904 flexis
1301 2838 1393 2923 geni·
1431 2885 1435 2894 ·

241 2947 317 3012 bus:
344 2944 460 3011 »Peter
476 2945 661 3012 reverende!
688 2943 731 3010 Ut
747 2945 849 3011 nostis
864 2945 953 3022 bene,
978 2965 1072 3029 quam
1090 2943 1205 3010 exilem
1222 2963 1391 3027 personum

241 3050 342 3116 habeo
375 3055 407 3116 et
435 3072 520 3116 nunc
542 3050 706 3118 confectus
728 3052 816 3116 senio
849 3055 882 3116 et
913 3051 1031 3116 inseius
1063 3071 1122 3134 per
1143 3049 1259 3116 omnis.
1306 3047 1392 3125 Qua-

240 3159 374 3238 propter
396 3175 455 3239 ego
478 3155 583 3220 iudioo
610 3156 643 3220 in
667 3155 803 3220 veritate
824 3177 875 3220 me
898 3153 1124 3238 indispositum
1146 3153 1186 3220 sd
1209 3153 1271 3220 hoo
1293 3173 1393 3240 nego·

241 3260 331 3325 tium.
379 3258 468 3344 Rogo
492 3259 658 3325 humiliter
680 3259 864 3344 supportari
888 3259 929 3324 sb
952 3259 1013 3324 hno
1035 3261 1082 3343 [p.
1100 3259 1154 3344 80]
1177 3259 1391 3326 obedientis«

242 3364 419 3448 Respondit
440 3369 531 3448 peter
553 3366 678 3444 subito,
711 3367 800 3451 qussi
825 3369 930 3432 motus
963 3368 1075 3430 oontrs
1106 3387 1176 3430 me:
1211 3362 1393 3440 »Quomodo

241 3489 311 3534 oum
335 3469 417 3534 bons
439 3470 633 3536 conscientie
655 3471 754 3536 vultis
784 3475 816 3535 et
846 3470 970 3536 nudetis
994 3471 1075 3534 hsno
1098 3469 1313 3536 obedientiam
1334 3470 1392 3534 nb-

240 3577 380 3658 negere?
403 3573 540 3659 Oportet
548 3597 603 3642 vos
618 3577 775 3643 obedire«
810 3575 1060 3660 Subiunxitque:
1078 3573 1229 3641 »senium
1248 3579 1389 3640 vestrum

242 3679 313 3744 volo
336 3680 503 3764 providere
526 3702 598 3746 cnm
620 3703 702 3767 equo
723 3679 829 3746 valido
851 3681 884 3745 in
903 3679 1065 3760 Venetiis;
1088 3681 1126 3746 de
1148 3679 1221 3746 eliis
1242 3679 1393 3746 eonfidite

241 3786 272 3850 in
289 3785 425 3863 domino,
451 3807 544 3870 quem
568 3807 625 3850 nos
641 3785 802 3852 orabimus
826 3807 884 3868 pro
906 3785 1026 3851 vobis«
1076 3785 1116 3851 Et
1137 3785 1183 3850 sio
1198 3769 1318 3850 snbieoi
1341 3805 1392 3849 me

240 3890 372 3973 pedibus
396 3890 461 3954 suis
484 3890 607 3956 disens:
632 3889 685 3955 »Si
708 3891 838 3955 omnino
861 3882 923 3955 ndn
945 3890 1043 3956 vultis
1065 3913 1115 3956 me
1138 3890 1310 3969 dimittere,
1335 3889 1391 3954 liat

241 3995 386 4061 voluntas
410 3995 459 4060 dei
483 4002 516 4061 et
535 3999 655 4061 vestre!
699 3995 741 4061 Et
758 3996 911 4060 muniatis
936 4018 985 4060 me
1008 4018 1078 4062 onm
1103 3995 1195 4062 bonis
1218 3995 1337 4060 litteris
1358 3999 1391 4060 et

240 4102 325 4167 sooio
349 4101 466 4185 probo,
501 4101 586 4166 fideli
619 4105 652 4166 et
680 4105 794 4186 grato,
829 4102 885 4186 qui
918 4102 1015 4166 miohi
1035 4101 1176 4166 fideliter
1198 4101 1387 4166 ministret«

242 4207 418 4292 Respondit
433 4211 525 4292 peter
540 4207 655 4271 iterum
679 4207 712 4270 in
730 4205 787 4270 heo
803 4207 915 4272 verbe:
943 4205 1031 4272 »Hes
1046 4209 1151 4271 omnis
1169 4211 1201 4271 et
1216 4205 1282 4270 elis
1297 4205 1390 4290 plura

312 4361 326 4416 1
346 4362 459 4418 Mittere
476 4379 527 4432 pro
545 4378 575 4418 re
594 4361 638 4418 bei
651 4361 794 4418 Wslther:
806 4311 885 4417 *isch
897 4365 985 4419 etwas
998 4362 1141 4428 eutichem
1159 4361 1219 4420 eleo
1231 4361 1305 4418 hier:
1324 4361 1389 4418 dm

241 4451 285 4507 ich
304 4451 377 4506 mich
396 4469 441 4504 um
461 4449 536 4506 diess
554 4449 684 4520 sendung
702 4448 782 4504 nieht
800 4447 921 4506 bewsrb.
