<?xml version="1.0" encoding="UTF-8"?>
<!DOCTYPE html PUBLIC "-//W3C//DTD XHTML 1.0 Transitional//EN"
    "http://www.w3.org/TR/xhtml1/DTD/xhtml1-transitional.dtd">
<html xmlns="http://www.w3.org/1999/xhtml" xml:lang="en" lang="en">
 <head>
  <title>
</title>
<meta http-equiv="Content-Type" content="text/html;charset=utf-8" />
  <meta name='ocr-system' content='tesseract 3.04.00' />
  <meta name='ocr-capabilities' content='ocr_page ocr_carea ocr_par ocr_line ocrx_word'/>
</head>
<body>
  <div class='ocr_page' id='page_1' title='image "./fratrispauliwal01waltgoog_0053.png"; bbox 0 0 3062 4938; ppageno 0'>
   <div class='ocr_carea' id='block_1_1' title="bbox 820 315 862 380">
    <p class='ocr_par' dir='ltr' id='par_1_1' title="bbox 820 315 862 380">
     <span class='ocr_line' id='line_1_1' title="bbox 820 315 862 380; baseline 0 0"><span class='ocrx_word' id='word_1_1' title='bbox 820 315 862 380; x_wconf 83' lang='lat'><strong>32</strong></span> 
     </span>
    </p>
   </div>
   <div class='ocr_carea' id='block_1_2' title="bbox 266 475 1417 1416">
    <p class='ocr_par' dir='ltr' id='par_1_2' title="bbox 266 475 1417 1416">
     <span class='ocr_line' id='line_1_2' title="bbox 266 475 1411 574; baseline 0.003 -20"><span class='ocrx_word' id='word_1_2' title='bbox 266 490 403 555; x_wconf 88' lang='lat' dir='ltr'><strong>solutam</strong></span> <span class='ocrx_word' id='word_1_3' title='bbox 425 490 638 556; x_wconf 74' lang='lat' dir='ltr'><strong>obedientiam</strong></span> <span class='ocrx_word' id='word_1_4' title='bbox 664 491 697 553; x_wconf 90' lang='lat' dir='ltr'><strong>in</strong></span> <span class='ocrx_word' id='word_1_5' title='bbox 721 489 857 574; x_wconf 83' lang='lat' dir='ltr'><strong>singulis</strong></span> <span class='ocrx_word' id='word_1_6' title='bbox 880 488 1081 574; x_wconf 88' lang='lat' dir='ltr'><strong>diligentiam</strong></span> <span class='ocrx_word' id='word_1_7' title='bbox 1104 488 1217 572; x_wconf 83' lang='lat' dir='ltr'><strong>facere,</strong></span> <span class='ocrx_word' id='word_1_8' title='bbox 1239 475 1276 555; x_wconf 83' lang='lat' dir='ltr'><strong>ut</strong></span> <span class='ocrx_word' id='word_1_9' title='bbox 1300 491 1411 557; x_wconf 80' lang='lat' dir='ltr'><strong>saltem</strong></span> 
     </span>
     <span class='ocr_line' id='line_1_3' title="bbox 266 593 1414 680; baseline 0.003 -22"><span class='ocrx_word' id='word_1_10' title='bbox 266 616 322 659; x_wconf 86' lang='lat' dir='ltr'><strong>sua</strong></span> <span class='ocrx_word' id='word_1_11' title='bbox 345 597 522 680; x_wconf 86' lang='lat' dir='ltr'><strong>paternitas</strong></span> <span class='ocrx_word' id='word_1_12' title='bbox 545 595 699 660; x_wconf 87' lang='lat' dir='ltr'><strong>retineret</strong></span> <span class='ocrx_word' id='word_1_13' title='bbox 721 615 787 659; x_wconf 90' lang='lat' dir='ltr'><strong>nos.</strong></span> <span class='ocrx_word' id='word_1_14' title='bbox 835 593 876 658; x_wconf 72' lang='grc' dir='ltr'><strong>ΙΙΙ</strong></span> <span class='ocrx_word' id='word_1_15' title='bbox 898 615 968 659; x_wconf 90' lang='lat' dir='ltr'><strong>ecce</strong></span> <span class='ocrx_word' id='word_1_16' title='bbox 991 594 1110 659; x_wconf 87' lang='lat' dir='ltr'><strong>iterum</strong></span> <span class='ocrx_word' id='word_1_17' title='bbox 1136 595 1325 662; x_wconf 72' lang='lat' dir='ltr'><strong>miraculum</strong></span> <span class='ocrx_word' id='word_1_18' title='bbox 1348 597 1414 662; x_wconf 87' lang='lat' dir='ltr'><strong>dci!</strong></span> 
     </span>
     <span class='ocr_line' id='line_1_4' title="bbox 266 698 1412 785; baseline 0.001 -20"><span class='ocrx_word' id='word_1_19' title='bbox 266 698 349 765; x_wconf 87' lang='lat' dir='ltr'><strong>Nam</strong></span> <span class='ocrx_word' id='word_1_20' title='bbox 373 701 478 785; x_wconf 86' lang='lat' dir='ltr'><strong>gratia</strong></span> <span class='ocrx_word' id='word_1_21' title='bbox 500 701 549 766; x_wconf 87' lang='lat' dir='ltr'><strong>dei</strong></span> <span class='ocrx_word' id='word_1_22' title='bbox 565 705 756 784; x_wconf 87' lang='lat' dir='ltr'><strong>cooperante</strong></span> <span class='ocrx_word' id='word_1_23' title='bbox 778 701 871 764; x_wconf 88' lang='lat' dir='ltr'><strong>ambo</strong></span> <span class='ocrx_word' id='word_1_24' title='bbox 894 699 972 764; x_wconf 86' lang='lat' dir='ltr'><strong>facti</strong></span> <span class='ocrx_word' id='word_1_25' title='bbox 994 703 1070 764; x_wconf 88' lang='lat' dir='ltr'><strong>sunt</strong></span> <span class='ocrx_word' id='word_1_26' title='bbox 1085 701 1243 764; x_wconf 88' lang='lat' dir='ltr'><strong>mansueti</strong></span> <span class='ocrx_word' id='word_1_27' title='bbox 1268 705 1300 765; x_wconf 92' lang='lat' dir='ltr'><strong>et</strong></span> <span class='ocrx_word' id='word_1_28' title='bbox 1323 700 1412 766; x_wconf 85' lang='lat' dir='ltr'><strong>favo·</strong></span> 
     </span>
     <span class='ocr_line' id='line_1_5' title="bbox 267 806 1414 890; baseline 0.004 -22"><span class='ocrx_word' id='word_1_29' title='bbox 267 806 381 870; x_wconf 82' lang='lat' dir='ltr'><strong>nabiles</strong></span> <span class='ocrx_word' id='word_1_30' title='bbox 404 806 559 870; x_wconf 84' lang='lat' dir='ltr'><strong>dicentes:</strong></span> <span class='ocrx_word' id='word_1_31' title='bbox 595 806 701 871; x_wconf 75' lang='lat' dir='ltr'><strong>&gt;Bone</strong></span> <span class='ocrx_word' id='word_1_32' title='bbox 725 809 834 890; x_wconf 87' lang='lat' dir='ltr'><strong>pater!</strong></span> <span class='ocrx_word' id='word_1_33' title='bbox 867 807 1022 871; x_wconf 88' lang='lat' dir='ltr'><strong>maneatis</strong></span> <span class='ocrx_word' id='word_1_34' title='bbox 1055 810 1087 870; x_wconf 89' lang='lat' dir='ltr'><strong>et</strong></span> <span class='ocrx_word' id='word_1_35' title='bbox 1109 806 1179 870; x_wconf 88' lang='lat' dir='ltr'><strong>sitis</strong></span> <span class='ocrx_word' id='word_1_36' title='bbox 1201 806 1318 873; x_wconf 86' lang='lat' dir='ltr'><strong>fratres</strong></span> <span class='ocrx_word' id='word_1_37' title='bbox 1341 829 1414 873; x_wconf 91' lang='lat' dir='ltr'><strong>con·</strong></span> 
     </span>
     <span class='ocr_line' id='line_1_6' title="bbox 266 909 1415 978; baseline 0.003 -6"><span class='ocrx_word' id='word_1_38' title='bbox 266 915 379 975; x_wconf 87' lang='lat' dir='ltr'><strong>ventus</strong></span> <span class='ocrx_word' id='word_1_39' title='bbox 396 911 497 976; x_wconf 90' lang='lat' dir='ltr'><strong>sancti</strong></span> <span class='ocrx_word' id='word_1_40' title='bbox 513 909 704 977; x_wconf 78' lang='lat' dir='ltr'><strong>Francisci.‹</strong></span> <span class='ocrx_word' id='word_1_41' title='bbox 753 911 795 976; x_wconf 89' lang='lat' dir='ltr'><strong>Et</strong></span> <span class='ocrx_word' id='word_1_42' title='bbox 810 913 979 977; x_wconf 86' lang='lat' dir='ltr'><strong>destructis</strong></span> <span class='ocrx_word' id='word_1_43' title='bbox 994 910 1114 976; x_wconf 86' lang='lat' dir='ltr'><strong>litteris</strong></span> <span class='ocrx_word' id='word_1_44' title='bbox 1131 911 1170 975; x_wconf 89' lang='lat' dir='ltr'><strong>ad</strong></span> <span class='ocrx_word' id='word_1_45' title='bbox 1186 909 1326 977; x_wconf 88' lang='lat' dir='ltr'><strong>Paduam</strong></span> <span class='ocrx_word' id='word_1_46' title='bbox 1343 933 1415 978; x_wconf 90' lang='lat' dir='ltr'><strong>cum</strong></span> 
     </span>
     <span class='ocr_line' id='line_1_7' title="bbox 267 1017 1415 1102; baseline 0.003 -23"><span class='ocrx_word' id='word_1_47' title='bbox 267 1017 443 1080; x_wconf 86' lang='lat' dir='ltr'><strong>reverentia</strong></span> <span class='ocrx_word' id='word_1_48' title='bbox 466 1020 499 1080; x_wconf 88' lang='lat' dir='ltr'><strong>et</strong></span> <span class='ocrx_word' id='word_1_49' title='bbox 521 1017 653 1083; x_wconf 89' lang='lat' dir='ltr'><strong>licentia</strong></span> <span class='ocrx_word' id='word_1_50' title='bbox 675 1019 789 1084; x_wconf 75' lang='lat' dir='ltr'><strong>recessi</strong></span> <span class='ocrx_word' id='word_1_51' title='bbox 812 1019 853 1083; x_wconf 90' lang='lat' dir='ltr'><strong>ab</strong></span> <span class='ocrx_word' id='word_1_52' title='bbox 876 1019 971 1102; x_wconf 83' lang='lat' dir='ltr'><strong>ipsis,</strong></span> <span class='ocrx_word' id='word_1_53' title='bbox 1002 1017 1165 1102; x_wconf 81' lang='lat' dir='ltr'><strong>velocique</strong></span> <span class='ocrx_word' id='word_1_54' title='bbox 1185 1039 1279 1082; x_wconf 88' lang='lat' dir='ltr'><strong>cursu</strong></span> <span class='ocrx_word' id='word_1_55' title='bbox 1301 1019 1415 1084; x_wconf 75' lang='lat' dir='ltr'><strong>accessi</strong></span> 
     </span>
     <span class='ocr_line' id='line_1_8' title="bbox 266 1121 1417 1208; baseline 0 -22"><span class='ocrx_word' id='word_1_56' title='bbox 266 1121 401 1201; x_wconf 81' lang='lat' dir='ltr'><strong>socium,</strong></span> <span class='ocrx_word' id='word_1_57' title='bbox 434 1127 559 1186; x_wconf 91' lang='lat' dir='ltr'><strong>etcum</strong></span> <span class='ocrx_word' id='word_1_58' title='bbox 584 1123 700 1206; x_wconf 88' lang='lat' dir='ltr'><strong>gaudio</strong></span> <span class='ocrx_word' id='word_1_59' title='bbox 723 1143 841 1206; x_wconf 85' lang='lat' dir='ltr'><strong>magno</strong></span> <span class='ocrx_word' id='word_1_60' title='bbox 864 1122 979 1187; x_wconf 90' lang='lat' dir='ltr'><strong>ivimus</strong></span> <span class='ocrx_word' id='word_1_61' title='bbox 1009 1121 1048 1186; x_wconf 91' lang='lat' dir='ltr'><strong>ad</strong></span> <span class='ocrx_word' id='word_1_62' title='bbox 1070 1125 1261 1188; x_wconf 71' lang='lat' dir='ltr'><strong>mercatores</strong></span> <span class='ocrx_word' id='word_1_63' title='bbox 1284 1124 1417 1208; x_wconf 86' lang='lat' dir='ltr'><strong>stipsis</strong></span> 
     </span>
     <span class='ocr_line' id='line_1_9' title="bbox 267 1227 1415 1312; baseline 0.003 -23"><span class='ocrx_word' id='word_1_64' title='bbox 267 1227 403 1310; x_wconf 87' lang='lat' dir='ltr'><strong>gratiam</strong></span> <span class='ocrx_word' id='word_1_65' title='bbox 420 1227 512 1291; x_wconf 88' lang='lat' dir='ltr'><strong>nobis</strong></span> <span class='ocrx_word' id='word_1_66' title='bbox 527 1249 546 1291; x_wconf 90' lang='lat' dir='ltr'><strong>a</strong></span> <span class='ocrx_word' id='word_1_67' title='bbox 562 1228 619 1292; x_wconf 91' lang='lat' dir='ltr'><strong>deo</strong></span> <span class='ocrx_word' id='word_1_68' title='bbox 635 1233 667 1292; x_wconf 87' lang='lat' dir='ltr'><strong>ct</strong></span> <span class='ocrx_word' id='word_1_69' title='bbox 682 1228 816 1312; x_wconf 89' lang='lat' dir='ltr'><strong>prelatis</strong></span> <span class='ocrx_word' id='word_1_70' title='bbox 832 1228 950 1293; x_wconf 84' lang='lat' dir='ltr'><strong>factam</strong></span> <span class='ocrx_word' id='word_1_71' title='bbox 967 1227 1205 1294; x_wconf 81' lang='lat' dir='ltr'><strong>insinuavimus.</strong></span> <span class='ocrx_word' id='word_1_72' title='bbox 1253 1229 1315 1306; x_wconf 82' lang='lat' dir='ltr'><strong>Qui</strong></span> <span class='ocrx_word' id='word_1_73' title='bbox 1332 1229 1415 1294; x_wconf 91' lang='lat' dir='ltr'><strong>mul-</strong></span> 
     </span>
     <span class='ocr_line' id='line_1_10' title="bbox 267 1331 1414 1416; baseline 0.002 -20"><span class='ocrx_word' id='word_1_74' title='bbox 267 1338 334 1396; x_wconf 89' lang='lat' dir='ltr'><strong>tum</strong></span> <span class='ocrx_word' id='word_1_75' title='bbox 358 1331 666 1416; x_wconf 79' lang='lat' dir='ltr'><strong>congratulabantur</strong></span> <span class='ocrx_word' id='word_1_76' title='bbox 698 1335 862 1399; x_wconf 90' lang='lat' dir='ltr'><strong>nobiscum</strong></span> <span class='ocrx_word' id='word_1_77' title='bbox 892 1334 1046 1398; x_wconf 87' lang='lat' dir='ltr'><strong>dicentes:</strong></span> <span class='ocrx_word' id='word_1_78' title='bbox 1081 1331 1169 1398; x_wconf 80' lang='lat' dir='ltr'><strong>»Nos</strong></span> <span class='ocrx_word' id='word_1_79' title='bbox 1192 1333 1339 1398; x_wconf 87' lang='lat' dir='ltr'><strong>volumus</strong></span> <span class='ocrx_word' id='word_1_80' title='bbox 1361 1355 1414 1398; x_wconf 91' lang='lat' dir='ltr'><strong>re·</strong></span> 
     </span>
    </p>
   </div>
   <div class='ocr_carea' id='block_1_3' title="bbox 266 1435 1526 1522">
    <p class='ocr_par' dir='ltr' id='par_1_3' title="bbox 266 1435 1526 1522">
     <span class='ocr_line' id='line_1_11' title="bbox 266 1435 1526 1522; baseline 0.002 -22"><span class='ocrx_word' id='word_1_81' title='bbox 266 1437 399 1502; x_wconf 85' lang='lat' dir='ltr'><strong>fundere</strong></span> <span class='ocrx_word' id='word_1_82' title='bbox 420 1438 645 1504; x_wconf 75' lang='lat' dir='ltr'><strong>monasterio«</strong></span> <span class='ocrx_word' id='word_1_83' title='bbox 693 1439 911 1504; x_wconf 86' lang='lat' dir='ltr'><strong>Redeuntibus</strong></span> <span class='ocrx_word' id='word_1_84' title='bbox 940 1439 1032 1502; x_wconf 88' lang='lat' dir='ltr'><strong>nobis</strong></span> <span class='ocrx_word' id='word_1_85' title='bbox 1064 1439 1103 1502; x_wconf 94' lang='lat' dir='ltr'><strong>ad</strong></span> <span class='ocrx_word' id='word_1_86' title='bbox 1126 1435 1316 1504; x_wconf 86' lang='lat' dir='ltr'><strong>conventum</strong></span> <span class='ocrx_word' id='word_1_87' title='bbox 1339 1459 1416 1522; x_wconf 89' lang='lat' dir='ltr'><strong>gar·</strong></span> <span class='ocrx_word' id='word_1_88' title='bbox 1525 1499 1526 1502; x_wconf 74' lang='grc'><strong>,</strong></span> 
     </span>
    </p>
   </div>
   <div class='ocr_carea' id='block_1_4' title="bbox 267 1542 1420 2155">
    <p class='ocr_par' dir='ltr' id='par_1_4' title="bbox 267 1542 1420 2155">
     <span class='ocr_line' id='line_1_12' title="bbox 268 1542 1418 1628; baseline 0 -22"><span class='ocrx_word' id='word_1_89' title='bbox 268 1543 380 1608; x_wconf 91' lang='lat' dir='ltr'><strong>dianus</strong></span> <span class='ocrx_word' id='word_1_90' title='bbox 403 1544 538 1627; x_wconf 85' lang='lat' dir='ltr'><strong>peceasit</strong></span> <span class='ocrx_word' id='word_1_91' title='bbox 561 1565 618 1608; x_wconf 86' lang='lat' dir='ltr'><strong>nos</strong></span> <span class='ocrx_word' id='word_1_92' title='bbox 642 1547 768 1609; x_wconf 91' lang='lat' dir='ltr'><strong>etcum</strong></span> <span class='ocrx_word' id='word_1_93' title='bbox 784 1565 901 1628; x_wconf 88' lang='lat' dir='ltr'><strong>magna</strong></span> <span class='ocrx_word' id='word_1_94' title='bbox 917 1542 1137 1608; x_wconf 89' lang='lat' dir='ltr'><strong>benevolentia</strong></span> <span class='ocrx_word' id='word_1_95' title='bbox 1154 1545 1273 1627; x_wconf 83' lang='lat' dir='ltr'><strong>recepti</strong></span> <span class='ocrx_word' id='word_1_96' title='bbox 1297 1563 1418 1620; x_wconf 80' lang='lat' dir='ltr'><strong>sumus,</strong></span> 
     </span>
     <span class='ocr_line' id='line_1_13' title="bbox 267 1648 1417 1735; baseline 0.002 -25"><span class='ocrx_word' id='word_1_97' title='bbox 267 1648 505 1735; x_wconf 88' lang='lat' dir='ltr'><strong>assignavitque</strong></span> <span class='ocrx_word' id='word_1_98' title='bbox 528 1649 606 1713; x_wconf 92' lang='lat' dir='ltr'><strong>mihi</strong></span> <span class='ocrx_word' id='word_1_99' title='bbox 622 1649 732 1713; x_wconf 90' lang='lat' dir='ltr'><strong>statim</strong></span> <span class='ocrx_word' id='word_1_100' title='bbox 750 1649 938 1713; x_wconf 89' lang='lat' dir='ltr'><strong>reverendus</strong></span> <span class='ocrx_word' id='word_1_101' title='bbox 956 1653 1049 1733; x_wconf 86' lang='lat' dir='ltr'><strong>pater</strong></span> <span class='ocrx_word' id='word_1_102' title='bbox 1065 1648 1235 1732; x_wconf 88' lang='lat' dir='ltr'><strong>gardianus</strong></span> <span class='ocrx_word' id='word_1_103' title='bbox 1250 1649 1417 1732; x_wconf 90' lang='lat' dir='ltr'><strong>propriam</strong></span> 
     </span>
     <span class='ocr_line' id='line_1_14' title="bbox 267 1751 1418 1837; baseline -0.001 -19"><span class='ocrx_word' id='word_1_104' title='bbox 267 1775 422 1819; x_wconf 87' lang='lat' dir='ltr'><strong>cameram</strong></span> <span class='ocrx_word' id='word_1_105' title='bbox 446 1755 480 1818; x_wconf 92' lang='lat' dir='ltr'><strong>in</strong></span> <span class='ocrx_word' id='word_1_106' title='bbox 496 1753 673 1818; x_wconf 88' lang='lat' dir='ltr'><strong>infirmaria</strong></span> <span class='ocrx_word' id='word_1_107' title='bbox 687 1753 709 1833; x_wconf 73' lang='lat'><strong>¹,</strong></span> <span class='ocrx_word' id='word_1_108' title='bbox 733 1759 839 1818; x_wconf 87' lang='lat' dir='ltr'><strong>stante</strong></span> <span class='ocrx_word' id='word_1_109' title='bbox 853 1753 939 1818; x_wconf 89' lang='lat' dir='ltr'><strong>socio</strong></span> <span class='ocrx_word' id='word_1_110' title='bbox 962 1775 1031 1818; x_wconf 89' lang='lat' dir='ltr'><strong>meo</strong></span> <span class='ocrx_word' id='word_1_111' title='bbox 1054 1753 1087 1816; x_wconf 92' lang='lat' dir='ltr'><strong>in</strong></span> <span class='ocrx_word' id='word_1_112' title='bbox 1104 1753 1198 1818; x_wconf 90' lang='lat' dir='ltr'><strong>domo</strong></span> <span class='ocrx_word' id='word_1_113' title='bbox 1213 1753 1380 1837; x_wconf 90' lang='lat' dir='ltr'><strong>hospitum</strong></span> <span class='ocrx_word' id='word_1_114' title='bbox 1395 1751 1418 1817; x_wconf 78' lang='lat'><strong>².</strong></span> 
     </span>
     <span class='ocr_line' id='line_1_15' title="bbox 267 1856 1420 1945; baseline -0.001 -22"><span class='ocrx_word' id='word_1_115' title='bbox 267 1859 309 1924; x_wconf 80' lang='lat' dir='ltr'><strong>Et</strong></span> <span class='ocrx_word' id='word_1_116' title='bbox 331 1860 407 1945; x_wconf 88' lang='lat' dir='ltr'><strong>quid</strong></span> <span class='ocrx_word' id='word_1_117' title='bbox 426 1867 533 1924; x_wconf 87' lang='lat' dir='ltr'><strong>actum</strong></span> <span class='ocrx_word' id='word_1_118' title='bbox 556 1865 614 1939; x_wconf 85' lang='lat' dir='ltr'><strong>est,</strong></span> <span class='ocrx_word' id='word_1_119' title='bbox 635 1859 767 1924; x_wconf 88' lang='lat' dir='ltr'><strong>audiant</strong></span> <span class='ocrx_word' id='word_1_120' title='bbox 790 1858 929 1923; x_wconf 88' lang='lat' dir='ltr'><strong>universi</strong></span> <span class='ocrx_word' id='word_1_121' title='bbox 946 1856 1175 1936; x_wconf 81' lang='lat' dir='ltr'><strong>christifideles,</strong></span> <span class='ocrx_word' id='word_1_122' title='bbox 1199 1857 1420 1922; x_wconf 86' lang='lat' dir='ltr'><strong>collaudantes</strong></span> 
     </span>
     <span class='ocr_line' id='line_1_16' title="bbox 267 1962 1417 2050; baseline -0.001 -22"><span class='ocrx_word' id='word_1_123' title='bbox 267 1965 369 2044; x_wconf 83' lang='lat' dir='ltr'><strong>deum,</strong></span> <span class='ocrx_word' id='word_1_124' title='bbox 394 1967 449 2050; x_wconf 93' lang='lat' dir='ltr'><strong>qui</strong></span> <span class='ocrx_word' id='word_1_125' title='bbox 466 1965 604 2030; x_wconf 86' lang='lat' dir='ltr'><strong>contulit</strong></span> <span class='ocrx_word' id='word_1_126' title='bbox 627 1964 708 2028; x_wconf 91' lang='lat' dir='ltr'><strong>mihi</strong></span> <span class='ocrx_word' id='word_1_127' title='bbox 732 1985 795 2029; x_wconf 90' lang='lat' dir='ltr'><strong>non</strong></span> <span class='ocrx_word' id='word_1_128' title='bbox 811 1964 934 2029; x_wconf 87' lang='lat' dir='ltr'><strong>meritis</strong></span> <span class='ocrx_word' id='word_1_129' title='bbox 950 1963 1027 2028; x_wconf 91' lang='lat' dir='ltr'><strong>meis</strong></span> <span class='ocrx_word' id='word_1_130' title='bbox 1049 1963 1102 2028; x_wconf 89' lang='lat' dir='ltr'><strong>sed</strong></span> <span class='ocrx_word' id='word_1_131' title='bbox 1127 1985 1183 2026; x_wconf 88' lang='lat' dir='ltr'><strong>sua</strong></span> <span class='ocrx_word' id='word_1_132' title='bbox 1204 1962 1296 2046; x_wconf 85' lang='lat' dir='ltr'><strong>larga</strong></span> <span class='ocrx_word' id='word_1_133' title='bbox 1319 1964 1417 2027; x_wconf 90' lang='lat' dir='ltr'><strong>bene-</strong></span> 
     </span>
     <span class='ocr_line' id='line_1_17' title="bbox 268 2069 1418 2155; baseline -0.002 -21"><span class='ocrx_word' id='word_1_134' title='bbox 268 2071 406 2135; x_wconf 88' lang='lat' dir='ltr'><strong>dictione</strong></span> <span class='ocrx_word' id='word_1_135' title='bbox 429 2074 553 2134; x_wconf 89' lang='lat' dir='ltr'><strong>tantam</strong></span> <span class='ocrx_word' id='word_1_136' title='bbox 576 2071 713 2155; x_wconf 83' lang='lat' dir='ltr'><strong>gratiam</strong></span> <span class='ocrx_word' id='word_1_137' title='bbox 738 2071 771 2134; x_wconf 90' lang='lat' dir='ltr'><strong>in</strong></span> <span class='ocrx_word' id='word_1_138' title='bbox 795 2075 965 2153; x_wconf 85' lang='lat' dir='ltr'><strong>conspectu</strong></span> <span class='ocrx_word' id='word_1_139' title='bbox 981 2069 1190 2153; x_wconf 83' lang='lat' dir='ltr'><strong>prelatorum,</strong></span> <span class='ocrx_word' id='word_1_140' title='bbox 1213 2073 1279 2132; x_wconf 89' lang='lat' dir='ltr'><strong>tam</strong></span> <span class='ocrx_word' id='word_1_141' title='bbox 1303 2069 1418 2133; x_wconf 87' lang='lat' dir='ltr'><strong>vicarii</strong></span> 
     </span>
    </p>
   </div>
   <div class='ocr_carea' id='block_1_5' title="bbox 267 2171 1418 2259">
    <p class='ocr_par' dir='ltr' id='par_1_5' title="bbox 267 2171 1525 2259">
     <span class='ocr_line' id='line_1_18' title="bbox 267 2171 1418 2259; baseline -0.001 -21"><span class='ocrx_word' id='word_1_142' title='bbox 267 2173 438 2258; x_wconf 81' lang='lat' dir='ltr'><strong>provincie,</strong></span> <span class='ocrx_word' id='word_1_143' title='bbox 462 2175 517 2259; x_wconf 88' lang='lat' dir='ltr'><strong>qui</strong></span> <span class='ocrx_word' id='word_1_144' title='bbox 541 2175 632 2258; x_wconf 90' lang='lat' dir='ltr'><strong>quasi</strong></span> <span class='ocrx_word' id='word_1_145' title='bbox 655 2195 712 2258; x_wconf 92' lang='lat' dir='ltr'><strong>per</strong></span> <span class='ocrx_word' id='word_1_146' title='bbox 735 2173 873 2238; x_wconf 86' lang='lat' dir='ltr'><strong>medium</strong></span> <span class='ocrx_word' id='word_1_147' title='bbox 896 2171 1295 2252; x_wconf 84' lang='lat' dir='ltr'><strong>annumstetitVenetiis,</strong></span> <span class='ocrx_word' id='word_1_148' title='bbox 1319 2195 1418 2258; x_wconf 88' lang='lat' dir='ltr'><strong>quam</strong></span> 
     </span>
    </p>
   </div>
   <div class='ocr_carea' id='block_1_6' title="bbox 268 2277 1526 2462">
    <p class='ocr_par' dir='ltr' id='par_1_6' title="bbox 268 2277 1526 2462">
     <span class='ocr_line' id='line_1_19' title="bbox 269 2277 1526 2376; baseline 0 -33"><span class='ocrx_word' id='word_1_149' title='bbox 269 2281 363 2344; x_wconf 87' lang='lat' dir='ltr'><strong>etiam</strong></span> <span class='ocrx_word' id='word_1_150' title='bbox 387 2279 532 2364; x_wconf 78' lang='lat' dir='ltr'><strong>gurdiani</strong></span> <span class='ocrx_word' id='word_1_151' title='bbox 556 2301 592 2344; x_wconf 92' lang='lat' dir='ltr'><strong>ac</strong></span> <span class='ocrx_word' id='word_1_152' title='bbox 615 2279 751 2343; x_wconf 89' lang='lat' dir='ltr'><strong>aliorum</strong></span> <span class='ocrx_word' id='word_1_153' title='bbox 775 2283 904 2362; x_wconf 88' lang='lat' dir='ltr'><strong>patrum</strong></span> <span class='ocrx_word' id='word_1_154' title='bbox 929 2283 961 2342; x_wconf 89' lang='lat' dir='ltr'><strong>et</strong></span> <span class='ocrx_word' id='word_1_155' title='bbox 984 2278 1131 2356; x_wconf 81' lang='lat' dir='ltr'><strong>fratrum,</strong></span> <span class='ocrx_word' id='word_1_156' title='bbox 1155 2277 1211 2362; x_wconf 88' lang='lat' dir='ltr'><strong>qui</strong></span> <span class='ocrx_word' id='word_1_157' title='bbox 1232 2299 1343 2343; x_wconf 89' lang='lat' dir='ltr'><strong>omnes</strong></span> <span class='ocrx_word' id='word_1_158' title='bbox 1367 2301 1419 2343; x_wconf 90' lang='lat' dir='ltr'><strong>re·</strong></span> <span class='ocrx_word' id='word_1_159' title='bbox 1524 2339 1526 2376; x_wconf 27' lang='grc' dir='ltr'>ὴ</span> 
     </span>
     <span class='ocr_line' id='line_1_20' title="bbox 268 2382 1420 2462; baseline 0 -14"><span class='ocrx_word' id='word_1_160' title='bbox 268 2384 440 2448; x_wconf 88' lang='lat' dir='ltr'><strong>verentiam</strong></span> <span class='ocrx_word' id='word_1_161' title='bbox 466 2382 546 2446; x_wconf 91' lang='lat' dir='ltr'><strong>mihi</strong></span> <span class='ocrx_word' id='word_1_162' title='bbox 570 2383 802 2462; x_wconf 81' lang='lat' dir='ltr'><strong>exbibuerunt,</strong></span> <span class='ocrx_word' id='word_1_163' title='bbox 833 2382 1028 2447; x_wconf 88' lang='lat' dir='ltr'><strong>exhilaratos</strong></span> <span class='ocrx_word' id='word_1_164' title='bbox 1059 2382 1167 2446; x_wconf 88' lang='lat' dir='ltr'><strong>vultus</strong></span> <span class='ocrx_word' id='word_1_165' title='bbox 1196 2383 1420 2462; x_wconf 79' lang='lat' dir='ltr'><strong>ostenderunt,</strong></span> 
     </span>
    </p>
   </div>
   <div class='ocr_carea' id='block_1_7' title="bbox 267 2487 1526 2678">
    <p class='ocr_par' dir='ltr' id='par_1_7' title="bbox 267 2481 1526 2678">
     <span class='ocr_line' id='line_1_21' title="bbox 267 2487 1526 2571; baseline -0.001 -18"><span class='ocrx_word' id='word_1_166' title='bbox 267 2496 410 2552; x_wconf 88' lang='lat' dir='ltr'><strong>amanter</strong></span> <span class='ocrx_word' id='word_1_167' title='bbox 435 2488 671 2567; x_wconf 83' lang='lat' dir='ltr'><strong>salutaverunt,</strong></span> <span class='ocrx_word' id='word_1_168' title='bbox 695 2487 792 2552; x_wconf 89' lang='lat' dir='ltr'><strong>verba</strong></span> <span class='ocrx_word' id='word_1_169' title='bbox 815 2487 960 2552; x_wconf 86' lang='lat' dir='ltr'><strong>caritatis</strong></span> <span class='ocrx_word' id='word_1_170' title='bbox 984 2493 1016 2552; x_wconf 89' lang='lat' dir='ltr'><strong>et</strong></span> <span class='ocrx_word' id='word_1_171' title='bbox 1038 2487 1124 2571; x_wconf 88' lang='lat' dir='ltr'><strong>pacis</strong></span> <span class='ocrx_word' id='word_1_172' title='bbox 1148 2487 1227 2552; x_wconf 90' lang='lat' dir='ltr'><strong>mihi</strong></span> <span class='ocrx_word' id='word_1_173' title='bbox 1249 2487 1418 2568; x_wconf 82' lang='lat' dir='ltr'><strong>dederunt,</strong></span> <span class='ocrx_word' id='word_1_174' title='bbox 1524 2489 1526 2492; x_wconf 76' lang='grc'><strong>’</strong></span> 
     </span>
     <span class='ocr_line' id='line_1_22' title="bbox 269 2593 1526 2678; baseline -0.002 -20"><span class='ocrx_word' id='word_1_175' title='bbox 269 2599 302 2658; x_wconf 88' lang='lat' dir='ltr'><strong>et</strong></span> <span class='ocrx_word' id='word_1_176' title='bbox 324 2597 361 2658; x_wconf 87' lang='lat' dir='ltr'><strong>ut</strong></span> <span class='ocrx_word' id='word_1_177' title='bbox 383 2593 533 2678; x_wconf 81' lang='lat' dir='ltr'><strong>angelum</strong></span> <span class='ocrx_word' id='word_1_178' title='bbox 557 2594 607 2658; x_wconf 89' lang='lat' dir='ltr'><strong>dei</strong></span> <span class='ocrx_word' id='word_1_179' title='bbox 636 2615 684 2656; x_wconf 89' lang='lat' dir='ltr'><strong>me</strong></span> <span class='ocrx_word' id='word_1_180' title='bbox 706 2597 896 2672; x_wconf 86' lang='lat' dir='ltr'><strong>tenuerunt,</strong></span> <span class='ocrx_word' id='word_1_181' title='bbox 929 2599 1043 2658; x_wconf 88' lang='lat' dir='ltr'><strong>cuncta</strong></span> <span class='ocrx_word' id='word_1_182' title='bbox 1065 2597 1241 2660; x_wconf 87' lang='lat' dir='ltr'><strong>necessaria</strong></span> <span class='ocrx_word' id='word_1_183' title='bbox 1270 2594 1350 2659; x_wconf 84' lang='lat' dir='ltr'><strong>milri</strong></span> <span class='ocrx_word' id='word_1_184' title='bbox 1384 2600 1422 2658; x_wconf 89' lang='lat' dir='ltr'><strong>ut</strong></span> <span class='ocrx_word' id='word_1_185' title='bbox 1524 2593 1526 2630; x_wconf 76' lang='lat'><em>³</em></span> 
     </span>
    </p>
   </div>
   <div class='ocr_carea' id='block_1_8' title="bbox 266 2699 1423 3839">
    <p class='ocr_par' dir='ltr' id='par_1_8' title="bbox 266 2699 1421 3081">
     <span class='ocr_line' id='line_1_23' title="bbox 266 2699 1419 2784; baseline 0.002 -22"><span class='ocrx_word' id='word_1_186' title='bbox 266 2699 331 2763; x_wconf 88' lang='lat' dir='ltr'><strong>auis</strong></span> <span class='ocrx_word' id='word_1_187' title='bbox 354 2700 616 2764; x_wconf 89' lang='lat' dir='ltr'><strong>ministraverunt</strong></span> <span class='ocrx_word' id='word_1_188' title='bbox 644 2721 775 2784; x_wconf 82' lang='lat' dir='ltr'><strong>meque,</strong></span> <span class='ocrx_word' id='word_1_189' title='bbox 809 2701 892 2784; x_wconf 91' lang='lat' dir='ltr'><strong>quod</strong></span> <span class='ocrx_word' id='word_1_190' title='bbox 915 2701 1017 2764; x_wconf 87' lang='lat' dir='ltr'><strong>maius</strong></span> <span class='ocrx_word' id='word_1_191' title='bbox 1041 2706 1088 2764; x_wconf 88' lang='lat' dir='ltr'><strong>eat</strong></span> <span class='ocrx_word' id='word_1_192' title='bbox 1111 2702 1258 2766; x_wconf 87' lang='lat' dir='ltr'><strong>omnibus</strong></span> <span class='ocrx_word' id='word_1_193' title='bbox 1281 2700 1348 2780; x_wconf 84' lang='lat' dir='ltr'><strong>his,</strong></span> <span class='ocrx_word' id='word_1_194' title='bbox 1382 2700 1419 2764; x_wconf 92' lang='lat' dir='ltr'><strong>in</strong></span> 
     </span>
     <span class='ocr_line' id='line_1_24' title="bbox 266 2803 1421 2889; baseline 0 -21"><span class='ocrx_word' id='word_1_195' title='bbox 266 2825 414 2888; x_wconf 90' lang='lat' dir='ltr'><strong>supremo</strong></span> <span class='ocrx_word' id='word_1_196' title='bbox 445 2805 513 2869; x_wconf 92' lang='lat' dir='ltr'><strong>loco</strong></span> <span class='ocrx_word' id='word_1_197' title='bbox 537 2825 641 2870; x_wconf 87' lang='lat' dir='ltr'><strong>mense</strong></span> <span class='ocrx_word' id='word_1_198' title='bbox 675 2809 749 2888; x_wconf 89' lang='lat' dir='ltr'><strong>post</strong></span> <span class='ocrx_word' id='word_1_199' title='bbox 770 2805 1026 2889; x_wconf 89' lang='lat' dir='ltr'><strong>vicegardianum</strong></span> <span class='ocrx_word' id='word_1_200' title='bbox 1051 2803 1246 2870; x_wconf 86' lang='lat' dir='ltr'><strong>locaverunt.</strong></span> <span class='ocrx_word' id='word_1_201' title='bbox 1292 2803 1361 2869; x_wconf 88' lang='lat' dir='ltr'><strong>Hec</strong></span> <span class='ocrx_word' id='word_1_202' title='bbox 1386 2809 1421 2870; x_wconf 88' lang='lat' dir='ltr'><strong>et</strong></span> 
     </span>
     <span class='ocr_line' id='line_1_25' title="bbox 266 2908 1420 2996; baseline -0.001 -21"><span class='ocrx_word' id='word_1_203' title='bbox 266 2911 330 2975; x_wconf 88' lang='lat' dir='ltr'><strong>alia</strong></span> <span class='ocrx_word' id='word_1_204' title='bbox 361 2911 512 2976; x_wconf 90' lang='lat' dir='ltr'><strong>beneficia</strong></span> <span class='ocrx_word' id='word_1_205' title='bbox 542 2909 620 2974; x_wconf 91' lang='lat' dir='ltr'><strong>mihi</strong></span> <span class='ocrx_word' id='word_1_206' title='bbox 654 2909 798 2974; x_wconf 83' lang='lat' dir='ltr'><strong>exhibita</strong></span> <span class='ocrx_word' id='word_1_207' title='bbox 828 2910 946 2995; x_wconf 90' lang='lat' dir='ltr'><strong>lingvva</strong></span> <span class='ocrx_word' id='word_1_208' title='bbox 978 2931 1047 2974; x_wconf 88' lang='lat' dir='ltr'><strong>mea</strong></span> <span class='ocrx_word' id='word_1_209' title='bbox 1080 2911 1133 2975; x_wconf 86' lang='lat' dir='ltr'><strong>vix</strong></span> <span class='ocrx_word' id='word_1_210' title='bbox 1157 2908 1204 2996; x_wconf 92' lang='lat' dir='ltr'><strong>[p.</strong></span> <span class='ocrx_word' id='word_1_211' title='bbox 1230 2909 1285 2993; x_wconf 85' lang='lat'><strong>17]</strong></span> <span class='ocrx_word' id='word_1_212' title='bbox 1309 2911 1420 2994; x_wconf 85' lang='lat' dir='ltr'><strong>expri-</strong></span> 
     </span>
     <span class='ocr_line' id='line_1_26' title="bbox 267 3015 469 3081; baseline 0.005 -2"><span class='ocrx_word' id='word_1_213' title='bbox 267 3037 352 3080; x_wconf 88' lang='lat' dir='ltr'><strong>mere</strong></span> <span class='ocrx_word' id='word_1_214' title='bbox 374 3015 469 3081; x_wconf 88' lang='lat' dir='ltr'><strong>valet.</strong></span> 
     </span>
    </p>

    <p class='ocr_par' dir='ltr' id='par_1_9' title="bbox 266 3119 1423 3839">
     <span class='ocr_line' id='line_1_27' title="bbox 354 3119 1420 3205; baseline -0.001 -20"><span class='ocrx_word' id='word_1_215' title='bbox 354 3119 448 3185; x_wconf 85' lang='lat' dir='ltr'><strong>Stans</strong></span> <span class='ocrx_word' id='word_1_216' title='bbox 470 3121 514 3185; x_wconf 84' lang='lat' dir='ltr'><strong>sic</strong></span> <span class='ocrx_word' id='word_1_217' title='bbox 534 3121 742 3204; x_wconf 87' lang='lat' dir='ltr'><strong>corporaliter</strong></span> <span class='ocrx_word' id='word_1_218' title='bbox 766 3121 798 3184; x_wconf 86' lang='lat' dir='ltr'><strong>in</strong></span> <span class='ocrx_word' id='word_1_219' title='bbox 824 3120 931 3205; x_wconf 88' lang='lat' dir='ltr'><strong>quiete</strong></span> <span class='ocrx_word' id='word_1_220' title='bbox 954 3124 986 3184; x_wconf 91' lang='lat' dir='ltr'><strong>et</strong></span> <span class='ocrx_word' id='word_1_221' title='bbox 1008 3141 1094 3204; x_wconf 74' lang='lat' dir='ltr'><strong>pace,</strong></span> <span class='ocrx_word' id='word_1_222' title='bbox 1119 3126 1151 3186; x_wconf 87' lang='lat' dir='ltr'><strong>et</strong></span> <span class='ocrx_word' id='word_1_223' title='bbox 1165 3119 1317 3185; x_wconf 81' lang='lat' dir='ltr'><strong>victualia</strong></span> <span class='ocrx_word' id='word_1_224' title='bbox 1340 3141 1420 3185; x_wconf 91' lang='lat' dir='ltr'><strong>con·</strong></span> 
     </span>
     <span class='ocr_line' id='line_1_28' title="bbox 267 3225 1421 3305; baseline 0 -15"><span class='ocrx_word' id='word_1_225' title='bbox 267 3227 435 3290; x_wconf 88' lang='lat' dir='ltr'><strong>veniebant</strong></span> <span class='ocrx_word' id='word_1_226' title='bbox 458 3226 535 3290; x_wconf 90' lang='lat' dir='ltr'><strong>mihi</strong></span> <span class='ocrx_word' id='word_1_227' title='bbox 560 3227 651 3290; x_wconf 88' lang='lat' dir='ltr'><strong>valde</strong></span> <span class='ocrx_word' id='word_1_228' title='bbox 676 3227 762 3305; x_wconf 86' lang='lat' dir='ltr'><strong>bene,</strong></span> <span class='ocrx_word' id='word_1_229' title='bbox 785 3225 896 3290; x_wconf 88' lang='lat' dir='ltr'><strong>vinum</strong></span> <span class='ocrx_word' id='word_1_230' title='bbox 920 3225 984 3288; x_wconf 85' lang='lat' dir='ltr'><strong>fuit</strong></span> <span class='ocrx_word' id='word_1_231' title='bbox 1006 3225 1114 3289; x_wconf 91' lang='lat' dir='ltr'><strong>album</strong></span> <span class='ocrx_word' id='word_1_232' title='bbox 1139 3231 1171 3290; x_wconf 90' lang='lat' dir='ltr'><strong>et</strong></span> <span class='ocrx_word' id='word_1_233' title='bbox 1187 3225 1421 3305; x_wconf 80' lang='lat' dir='ltr'><strong>dulcissimum,</strong></span> 
     </span>
     <span class='ocr_line' id='line_1_29' title="bbox 267 3329 1420 3415; baseline -0.002 -20"><span class='ocrx_word' id='word_1_234' title='bbox 267 3331 386 3396; x_wconf 87' lang='lat' dir='ltr'><strong>cibaria</strong></span> <span class='ocrx_word' id='word_1_235' title='bbox 408 3331 531 3414; x_wconf 85' lang='lat' dir='ltr'><strong>optima</strong></span> <span class='ocrx_word' id='word_1_236' title='bbox 552 3333 723 3396; x_wconf 88' lang='lat' dir='ltr'><strong>secundum</strong></span> <span class='ocrx_word' id='word_1_237' title='bbox 746 3351 868 3396; x_wconf 86' lang='lat' dir='ltr'><strong>morem</strong></span> <span class='ocrx_word' id='word_1_238' title='bbox 883 3329 1076 3415; x_wconf 86' lang='lat' dir='ltr'><strong>ytalicorom</strong></span> <span class='ocrx_word' id='word_1_239' title='bbox 1100 3329 1248 3410; x_wconf 75' lang='lat' dir='ltr'><strong>fratrum,</strong></span> <span class='ocrx_word' id='word_1_240' title='bbox 1271 3330 1342 3412; x_wconf 91' lang='lat' dir='ltr'><strong>cepi</strong></span> <span class='ocrx_word' id='word_1_241' title='bbox 1365 3331 1420 3394; x_wconf 92' lang='lat' dir='ltr'><strong>in·</strong></span> 
     </span>
     <span class='ocr_line' id='line_1_30' title="bbox 266 3435 1422 3519; baseline 0.001 -20"><span class='ocrx_word' id='word_1_242' title='bbox 266 3437 479 3519; x_wconf 70' lang='lat' dir='ltr'><strong>pinguescere</strong></span> <span class='ocrx_word' id='word_1_243' title='bbox 501 3437 583 3501; x_wconf 90' lang='lat' dir='ltr'><strong>miro</strong></span> <span class='ocrx_word' id='word_1_244' title='bbox 605 3438 708 3502; x_wconf 86' lang='lat' dir='ltr'><strong>modo.</strong></span> <span class='ocrx_word' id='word_1_245' title='bbox 757 3437 796 3501; x_wconf 81' lang='lat' dir='ltr'><strong>Et</strong></span> <span class='ocrx_word' id='word_1_246' title='bbox 819 3459 883 3500; x_wconf 92' lang='lat' dir='ltr'><strong>una</strong></span> <span class='ocrx_word' id='word_1_247' title='bbox 905 3437 956 3500; x_wconf 92' lang='lat' dir='ltr'><strong>die</strong></span> <span class='ocrx_word' id='word_1_248' title='bbox 977 3456 1057 3513; x_wconf 87' lang='lat' dir='ltr'><strong>sero,</strong></span> <span class='ocrx_word' id='word_1_249' title='bbox 1080 3456 1152 3499; x_wconf 90' lang='lat' dir='ltr'><strong>cum</strong></span> <span class='ocrx_word' id='word_1_250' title='bbox 1167 3435 1422 3519; x_wconf 82' lang='lat' dir='ltr'><strong>complevissem,</strong></span> 
     </span>
     <span class='ocr_line' id='line_1_31' title="bbox 266 3539 1423 3626; baseline -0.001 -21"><span class='ocrx_word' id='word_1_251' title='bbox 266 3541 327 3605; x_wconf 90' lang='lat' dir='ltr'><strong>heu</strong></span> <span class='ocrx_word' id='word_1_252' title='bbox 337 3542 492 3622; x_wconf 88' lang='lat' dir='ltr'><strong>indevote,</strong></span> <span class='ocrx_word' id='word_1_253' title='bbox 508 3543 733 3626; x_wconf 88' lang='lat' dir='ltr'><strong>pauperculam</strong></span> <span class='ocrx_word' id='word_1_254' title='bbox 745 3564 896 3607; x_wconf 89' lang='lat' dir='ltr'><strong>coronam</strong></span> <span class='ocrx_word' id='word_1_255' title='bbox 910 3539 922 3578; x_wconf 78' lang='lat'>³</span> <span class='ocrx_word' id='word_1_256' title='bbox 936 3541 1073 3625; x_wconf 88' lang='lat' dir='ltr'><strong>virginis</strong></span> <span class='ocrx_word' id='word_1_257' title='bbox 1085 3539 1197 3621; x_wconf 90' lang='lat' dir='ltr'><strong>Marie‚</strong></span> <span class='ocrx_word' id='word_1_258' title='bbox 1214 3541 1308 3605; x_wconf 88' lang='lat' dir='ltr'><strong>irruit</strong></span> <span class='ocrx_word' id='word_1_259' title='bbox 1321 3541 1353 3604; x_wconf 94' lang='lat' dir='ltr'><strong>in</strong></span> <span class='ocrx_word' id='word_1_260' title='bbox 1367 3563 1423 3604; x_wconf 91' lang='lat' dir='ltr'><strong>me</strong></span> 
     </span>
     <span class='ocr_line' id='line_1_32' title="bbox 266 3645 1422 3732; baseline -0.003 -20"><span class='ocrx_word' id='word_1_261' title='bbox 266 3647 467 3712; x_wconf 88' lang='lat' dir='ltr'><strong>vehementer</strong></span> <span class='ocrx_word' id='word_1_262' title='bbox 475 3669 610 3732; x_wconf 87' lang='lat' dir='ltr'><strong>magnus</strong></span> <span class='ocrx_word' id='word_1_263' title='bbox 621 3650 717 3713; x_wconf 89' lang='lat' dir='ltr'><strong>timor</strong></span> <span class='ocrx_word' id='word_1_264' title='bbox 727 3649 764 3712; x_wconf 90' lang='lat' dir='ltr'><strong>de</strong></span> <span class='ocrx_word' id='word_1_265' title='bbox 775 3649 824 3712; x_wconf 89' lang='lat' dir='ltr'><strong>dei</strong></span> <span class='ocrx_word' id='word_1_266' title='bbox 839 3647 964 3712; x_wconf 88' lang='lat' dir='ltr'><strong>iustitia</strong></span> <span class='ocrx_word' id='word_1_267' title='bbox 976 3651 1008 3711; x_wconf 89' lang='lat' dir='ltr'><strong>ct</strong></span> <span class='ocrx_word' id='word_1_268' title='bbox 1016 3647 1161 3730; x_wconf 85' lang='lat' dir='ltr'><strong>cogitans</strong></span> <span class='ocrx_word' id='word_1_269' title='bbox 1170 3645 1314 3729; x_wconf 88' lang='lat' dir='ltr'><strong>apudmc</strong></span> <span class='ocrx_word' id='word_1_270' title='bbox 1324 3649 1422 3709; x_wconf 90' lang='lat' dir='ltr'><strong>tanta</strong></span> 
     </span>
     <span class='ocr_line' id='line_1_33' title="bbox 268 3749 1421 3839; baseline -0.003 -22"><span class='ocrx_word' id='word_1_271' title='bbox 268 3753 426 3834; x_wconf 82' lang='lat' dir='ltr'><strong>beneficia,</strong></span> <span class='ocrx_word' id='word_1_272' title='bbox 450 3775 510 3839; x_wconf 83' lang='lat' dir='ltr'><strong>que</strong></span> <span class='ocrx_word' id='word_1_273' title='bbox 526 3754 601 3819; x_wconf 90' lang='lat' dir='ltr'><strong>deus</strong></span> <span class='ocrx_word' id='word_1_274' title='bbox 624 3761 656 3819; x_wconf 88' lang='lat' dir='ltr'><strong>et</strong></span> <span class='ocrx_word' id='word_1_275' title='bbox 672 3754 815 3818; x_wconf 86' lang='lat' dir='ltr'><strong>homines</strong></span> <span class='ocrx_word' id='word_1_276' title='bbox 831 3753 911 3817; x_wconf 83' lang='lat' dir='ltr'><strong>milri</strong></span> <span class='ocrx_word' id='word_1_277' title='bbox 931 3753 1157 3836; x_wconf 82' lang='lat' dir='ltr'><strong>prestitissent,</strong></span> <span class='ocrx_word' id='word_1_278' title='bbox 1181 3755 1214 3814; x_wconf 86' lang='lat' dir='ltr'><strong>ct</strong></span> <span class='ocrx_word' id='word_1_279' title='bbox 1228 3749 1421 3834; x_wconf 88' lang='lat' dir='ltr'><strong>alloquebar</strong></span> 
     </span>
    </p>
   </div>
   <div class='ocr_carea' id='block_1_9' title="bbox 220 3855 1426 4470">
    <p class='ocr_par' dir='ltr' id='par_1_10' title="bbox 220 3855 1426 4470">
     <span class='ocr_line' id='line_1_34' title="bbox 220 3855 1421 3924; baseline 0 -4"><span class='ocrx_word' id='word_1_280' title='bbox 220 3879 221 3884; x_wconf 49' lang='lat'>¹</span> <span class='ocrx_word' id='word_1_281' title='bbox 265 3857 344 3921; x_wconf 91' lang='lat' dir='ltr'><strong>mihi</strong></span> <span class='ocrx_word' id='word_1_282' title='bbox 366 3859 397 3922; x_wconf 93' lang='lat' dir='ltr'><strong>in</strong></span> <span class='ocrx_word' id='word_1_283' title='bbox 414 3865 520 3924; x_wconf 89' lang='lat' dir='ltr'><strong>mente</strong></span> <span class='ocrx_word' id='word_1_284' title='bbox 537 3882 607 3924; x_wconf 90' lang='lat' dir='ltr'><strong>mea</strong></span> <span class='ocrx_word' id='word_1_285' title='bbox 621 3860 653 3923; x_wconf 92' lang='lat' dir='ltr'><strong>in</strong></span> <span class='ocrx_word' id='word_1_286' title='bbox 670 3859 729 3923; x_wconf 94' lang='lat' dir='ltr'><strong>hec</strong></span> <span class='ocrx_word' id='word_1_287' title='bbox 744 3859 840 3924; x_wconf 87' lang='lat' dir='ltr'><strong>verba</strong></span> <span class='ocrx_word' id='word_1_288' title='bbox 857 3858 981 3924; x_wconf 88' lang='lat' dir='ltr'><strong>dicens:</strong></span> <span class='ocrx_word' id='word_1_289' title='bbox 1006 3856 1034 3922; x_wconf 90' lang='lat'>0</span> <span class='ocrx_word' id='word_1_290' title='bbox 1048 3859 1144 3922; x_wconf 89' lang='lat' dir='ltr'><strong>miser</strong></span> <span class='ocrx_word' id='word_1_291' title='bbox 1159 3857 1259 3922; x_wconf 83' lang='lat' dir='ltr'><strong>frater</strong></span> <span class='ocrx_word' id='word_1_292' title='bbox 1275 3855 1392 3921; x_wconf 90' lang='lat' dir='ltr'><strong>Paule!</strong></span> <span class='ocrx_word' id='word_1_293' title='bbox 1407 3855 1421 3891; x_wconf 81' lang='lat'><strong>⁴</strong></span> 
     </span>
     <span class='ocr_line' id='line_1_35' title="bbox 833 3984 852 4020; baseline 0 -2"><span class='ocrx_word' id='word_1_294' title='bbox 833 3984 852 4020; x_wconf 69' lang='lat' dir='ltr'><strong>a</strong></span> 
     </span>
     <span class='ocr_line' id='line_1_36' title="bbox 337 4037 1424 4119; baseline -0.002 -17"><span class='ocrx_word' id='word_1_295' title='bbox 337 4051 349 4103; x_wconf 98' lang='lat' dir='ltr'><strong>l</strong></span> <span class='ocrx_word' id='word_1_296' title='bbox 371 4049 526 4119; x_wconf 81' lang='lat' dir='ltr'><strong>Abteilnng</strong></span> <span class='ocrx_word' id='word_1_297' title='bbox 545 4051 590 4104; x_wconf 84' lang='lat' dir='ltr'><strong>liir</strong></span> <span class='ocrx_word' id='word_1_298' title='bbox 608 4050 654 4105; x_wconf 85' lang='lat' dir='ltr'><strong>die</strong></span> <span class='ocrx_word' id='word_1_299' title='bbox 670 4049 807 4104; x_wconf 85' lang='lat' dir='ltr'><strong>kranken.</strong></span> <span class='ocrx_word' id='word_1_300' title='bbox 913 4050 930 4102; x_wconf 84' lang='lat'>2</span> <span class='ocrx_word' id='word_1_301' title='bbox 951 4037 1025 4103; x_wconf 85' lang='lat' dir='ltr'><strong>llber</strong></span> <span class='ocrx_word' id='word_1_302' title='bbox 1047 4048 1091 4103; x_wconf 88' lang='lat' dir='ltr'><strong>die</strong></span> <span class='ocrx_word' id='word_1_303' title='bbox 1110 4047 1234 4116; x_wconf 83' lang='lat' dir='ltr'><strong>scnstige</strong></span> <span class='ocrx_word' id='word_1_304' title='bbox 1248 4045 1424 4102; x_wconf 83' lang='lat' dir='ltr'><strong>unterlrunft</strong></span> 
     </span>
     <span class='ocr_line' id='line_1_37' title="bbox 265 4133 1423 4206; baseline 0 -18"><span class='ocrx_word' id='word_1_305' title='bbox 265 4133 315 4189; x_wconf 88' lang='lat' dir='ltr'><strong>der</strong></span> <span class='ocrx_word' id='word_1_306' title='bbox 333 4135 424 4205; x_wconf 89' lang='lat' dir='ltr'><strong>pilger</strong></span> <span class='ocrx_word' id='word_1_307' title='bbox 441 4135 608 4206; x_wconf 86' lang='lat' dir='ltr'><strong>inVencdig</strong></span> <span class='ocrx_word' id='word_1_308' title='bbox 621 4136 695 4192; x_wconf 89' lang='lat' dir='ltr'><strong>siche</strong></span> <span class='ocrx_word' id='word_1_309' title='bbox 714 4137 759 4191; x_wconf 89' lang='lat' dir='ltr'><strong>dio</strong></span> <span class='ocrx_word' id='word_1_310' title='bbox 772 4139 840 4206; x_wconf 88' lang='lat' dir='ltr'><strong>gnte</strong></span> <span class='ocrx_word' id='word_1_311' title='bbox 853 4136 998 4191; x_wconf 81' lang='lat' dir='ltr'><strong>ilbersicht</strong></span> <span class='ocrx_word' id='word_1_312' title='bbox 1017 4137 1060 4192; x_wconf 91' lang='lat' dir='ltr'><strong>bei</strong></span> <span class='ocrx_word' id='word_1_313' title='bbox 1076 4135 1219 4198; x_wconf 83' lang='lat' dir='ltr'><strong>ltbhricht,</strong></span> <span class='ocrx_word' id='word_1_314' title='bbox 1240 4135 1272 4188; x_wconf 90' lang='lat' dir='ltr'><strong>D.</strong></span> <span class='ocrx_word' id='word_1_315' title='bbox 1287 4135 1359 4204; x_wconf 88' lang='lat' dir='ltr'><strong>pilg.</strong></span> <span class='ocrx_word' id='word_1_316' title='bbox 1376 4135 1423 4198; x_wconf 84' lang='lat'><strong>12,</strong></span> 
     </span>
     <span class='ocr_line' id='line_1_38' title="bbox 266 4221 1426 4304; baseline 0.001 -30"><span class='ocrx_word' id='word_1_317' title='bbox 266 4221 322 4275; x_wconf 89' lang='lat' dir='ltr'><strong>und</strong></span> <span class='ocrx_word' id='word_1_318' title='bbox 344 4223 411 4277; x_wconf 84' lang='lat' dir='ltr'><strong>liber</strong></span> <span class='ocrx_word' id='word_1_319' title='bbox 429 4222 474 4277; x_wconf 89' lang='lat' dir='ltr'><strong>die</strong></span> <span class='ocrx_word' id='word_1_320' title='bbox 492 4222 683 4293; x_wconf 81' lang='lat' dir='ltr'><strong>gcwbhnliche</strong></span> <span class='ocrx_word' id='word_1_321' title='bbox 695 4223 830 4292; x_wconf 79' lang='lat' dir='ltr'><strong>hetberga</strong></span> <span class='ocrx_word' id='word_1_322' title='bbox 850 4223 887 4276; x_wconf 89' lang='lat' dir='ltr'><strong>im</strong></span> <span class='ocrx_word' id='word_1_323' title='bbox 909 4223 1062 4277; x_wconf 87' lang='lat' dir='ltr'><strong>deutschen</strong></span> <span class='ocrx_word' id='word_1_324' title='bbox 1081 4223 1169 4278; x_wconf 85' lang='lat' dir='ltr'><strong>hausc</strong></span> <span class='ocrx_word' id='word_1_325' title='bbox 1188 4221 1273 4277; x_wconf 75' lang='lat' dir='ltr'><strong>Fabri</strong></span> <span class='ocrx_word' id='word_1_326' title='bbox 1292 4223 1313 4289; x_wconf 96' lang='grc' dir='ltr'><strong>Ι,</strong></span> <span class='ocrx_word' id='word_1_327' title='bbox 1333 4223 1368 4280; x_wconf 81' lang='grc'><strong>83</strong></span> <span class='ocrx_word' id='word_1_328' title='bbox 1387 4223 1426 4304; x_wconf 52' lang='lat' dir='ltr'><strong>f..</strong></span> 
     </span>
     <span class='ocr_line' id='line_1_39' title="bbox 266 4309 1424 4380; baseline 0.003 -19"><span class='ocrx_word' id='word_1_329' title='bbox 266 4309 315 4376; x_wconf 86' lang='grc' dir='ltr'><strong>ΙΙΙ,</strong></span> <span class='ocrx_word' id='word_1_330' title='bbox 334 4309 394 4367; x_wconf 84' lang='grc'><strong>388.</strong></span> <span class='ocrx_word' id='word_1_331' title='bbox 515 4311 532 4365; x_wconf 92' lang='grc'><strong>3</strong></span> <span class='ocrx_word' id='word_1_332' title='bbox 553 4310 738 4366; x_wconf 78' lang='lat' dir='ltr'><strong>Rosenkrann.</strong></span> <span class='ocrx_word' id='word_1_333' title='bbox 869 4313 885 4364; x_wconf 79' lang='lat'>4</span> <span class='ocrx_word' id='word_1_334' title='bbox 908 4310 974 4366; x_wconf 86' lang='lat' dir='ltr'><strong>Hier</strong></span> <span class='ocrx_word' id='word_1_335' title='bbox 993 4309 1068 4379; x_wconf 82' lang='lat' dir='ltr'><strong>folgt</strong></span> <span class='ocrx_word' id='word_1_336' title='bbox 1087 4311 1148 4364; x_wconf 87' lang='lat' dir='ltr'><strong>eine</strong></span> <span class='ocrx_word' id='word_1_337' title='bbox 1166 4309 1276 4365; x_wconf 79' lang='lat' dir='ltr'><strong>salvaris</strong></span> <span class='ocrx_word' id='word_1_338' title='bbox 1293 4309 1424 4380; x_wconf 71' lang='lat' dir='ltr'><strong>prodigit,</strong></span> 
     </span>
     <span class='ocr_line' id='line_1_40' title="bbox 266 4397 987 4470; baseline 0 -16"><span class='ocrx_word' id='word_1_339' title='bbox 266 4397 311 4454; x_wconf 89' lang='lat' dir='ltr'><strong>die</strong></span> <span class='ocrx_word' id='word_1_340' title='bbox 329 4399 460 4454; x_wconf 83' lang='lat' dir='ltr'><strong>Walther</strong></span> <span class='ocrx_word' id='word_1_341' title='bbox 478 4399 536 4454; x_wconf 86' lang='lat' dir='ltr'><strong>sich</strong></span> <span class='ocrx_word' id='word_1_342' title='bbox 555 4399 643 4454; x_wconf 84' lang='lat' dir='ltr'><strong>selbot</strong></span> <span class='ocrx_word' id='word_1_343' title='bbox 661 4400 732 4468; x_wconf 81' lang='lat' dir='ltr'><strong>halt,</strong></span> <span class='ocrx_word' id='word_1_344' title='bbox 752 4399 808 4454; x_wconf 86' lang='lat' dir='ltr'><strong>und</strong></span> <span class='ocrx_word' id='word_1_345' title='bbox 827 4397 872 4454; x_wconf 92' lang='lat' dir='ltr'><strong>ein</strong></span> <span class='ocrx_word' id='word_1_346' title='bbox 895 4398 987 4470; x_wconf 83' lang='lat' dir='ltr'><strong>gebat.</strong></span> 
     </span>
    </p>
   </div>
   <div class='ocr_carea' id='block_1_10' title="bbox 0 0 1538 4938">
    <p class='ocr_par' dir='ltr' id='par_1_11' title="bbox 0 0 1538 4938">
     <span class='ocr_line' id='line_1_41' title="bbox 0 0 1538 4938; baseline 0 0"><span class='ocrx_word' id='word_1_347' title='bbox 0 0 1538 4938; x_wconf 95' lang='lat' dir='ltr'><strong> </strong></span> 
     </span>
    </p>
   </div>
  </div>
 </body>
</html>
