3056 4944
664 353 705 420 77

112 529 238 596 ecclesia
261 536 310 596 est
333 551 398 595 una
413 527 541 612 ampula
555 533 629 594 ante
645 529 815 614 imaginem
833 529 969 614 virginis
985 531 1123 616 gloriose
1137 553 1261 618 semper

110 636 228 714 ardens,
252 641 285 700 et
307 634 415 701 solum
436 633 532 698 semel
555 634 589 698 in
611 655 698 699 enno
719 634 898 719 imponitur
920 633 1035 717 oleum,
1059 641 1092 702 et
1113 639 1190 703 satis
1214 644 1262 703 est

111 761 166 822 pro
181 744 252 804 teto
267 761 353 805 anno
370 738 398 815 ¹;
422 738 497 804 huic
512 737 641 804 ecclesie
656 738 779 802 adiacet
794 739 957 804 devastata
971 740 1093 821 civitas,
1118 747 1150 807 et
1166 765 1259 808 nemo

110 849 251 910 moratur
276 843 414 927 amplius
437 843 492 908 ibi.
537 840 579 906 Et
604 841 661 907 hec
683 843 825 908 desolata
852 848 901 908 est
923 866 942 908 a
965 846 1101 930 quodem
1116 848 1261 927 dracone,

111 972 201 1034 quem
213 951 294 1016 (leus
305 949 394 1016 misit
405 971 500 1033 super
510 948 667 1033 populum
681 954 815 1033 propter
827 955 992 1034 peccatum
1002 951 1225 1016 zodomiticum
1237 951 1260 1018 ².

110 1055 148 1120 Et
170 1057 258 1122 circa
280 1075 427 1140 vesperas
450 1055 614 1134 venimus,
649 1055 733 1138 quod
757 1053 926 1118 habuimus
953 1056 986 1119 in
1009 1057 1139 1121 sinistro
1162 1058 1262 1124 latere

109 1162 274 1227 civitatem
298 1161 465 1238 Butintrc,
500 1165 533 1224 et
561 1163 610 1224 est
633 1157 849 1238 Venetorum,
884 1164 916 1224 et
937 1160 1050 1225 vivunt
1072 1183 1181 1227 omnes
1202 1164 1261 1228 sub

110 1266 199 1331 modo
223 1265 401 1332 Grecorum
424 1271 491 1330 tam
513 1264 617 1330 clerus
641 1286 738 1350 quam
760 1265 908 1349 populus.
955 1266 1041 1331 Ante
1069 1266 1158 1332 illam
1182 1269 1260 1333 civi-

110 1376 205 1436 tatem
230 1373 341 1456 sepius
363 1393 396 1436 se
410 1375 588 1454 posuerunt
603 1369 734 1450 Thurri,
757 1371 810 1435 sed
826 1392 990 1456 nunquam
1006 1375 1181 1460 potuerunt
1203 1373 1259 1437 oh·

108 1476 209 1542 tinere
225 1477 249 1545 ⁸.
290 1475 425 1541 Demum
441 1477 660 1560 navigavimus
675 1496 783 1540 versus
800 1475 962 1541 civitatem
976 1475 1093 1556 Ocrffu,
1110 1481 1143 1541 et
1158 1497 1258 1561 prope

108 1582 271 1647 civitatem
301 1583 334 1646 in
358 1604 444 1646 mare
475 1587 524 1646 est
547 1581 683 1666 quedam
707 1603 807 1665 parva
836 1581 925 1664 rupis
948 1581 996 1645 vel
1026 1587 1135 1665 petra,
1166 1587 1198 1647 et
1227 1573 1259 1646 in

108 1685 162 1750 illo
185 1692 237 1752 est
261 1687 405 1752 edificate
439 1709 503 1752 una
526 1708 624 1770 parva
647 1687 785 1752 ecclesie
817 1691 850 1751 et
872 1686 1031 1751 domicula
1052 1688 1085 1752 in
1108 1688 1260 1754 honorem

108 1794 207 1856 sancti
231 1791 376 1872 Nicolai,
411 1797 444 1857 et
466 1797 633 1857 morantur
660 1792 757 1857 etiam
780 1791 825 1856 ibi
849 1796 914 1856 tres
937 1793 1022 1877 greci
1046 1793 1222 1858 sacerdotes
1236 1791 1260 1858 ⁴.

109 1894 149 1959 Et
170 1896 245 1980 ipsa
279 1898 330 1962 die
361 1897 461 1962 sancti
485 1895 643 1961 Johannie
666 1895 879 1981 applicuimus
911 1896 996 1961 circa
1017 1896 1260 1981 completorium

109 2008 238 2084 portum
265 2001 381 2084 Oorffu,
406 2011 438 2068 et
460 2003 520 2068 illa
543 2009 635 2068 nocte
659 2003 830 2067 mansimus
853 2023 961 2066 omnes
983 2001 1016 2065 in
1040 2002 1154 2086 gallea.

194 2107 307 2173 Corffu
330 2108 442 2174 civitas
475 2113 522 2173 est
546 2107 743 2174 Venetorum
774 2113 807 2172 et
830 2108 927 2172 distat
949 2129 968 2171 a
991 2106 1134 2172 Venetiis
1156 2107 1259 2173 octin-

108 2219 206 2296 genta
229 2213 388 2294 miliaria,
423 2218 456 2278 et
489 2217 537 2278 est
559 2215 647 2278 ultra
670 2215 796 2279 modum
819 2213 914 2278 fortis
948 2217 980 2278 et
1003 2213 1036 2277 in
1059 2213 1261 2298 longitudine

111 2317 207 2384 habet
231 2319 295 2382 duo
310 2317 465 2395 miliarie3
490 2319 588 2383 habet
605 2319 700 2383 etiem
717 2319 779 2384 duo
795 2323 899 2384 castra
915 2340 1023 2384 versus
1039 2341 1135 2400 mare,
1158 2320 1259 2384 inter·

109 2429 200 2507 septa
223 2445 297 2488 cum
321 2445 412 2488 muro
435 2425 585 2490 civitatis.
631 2423 667 2488 ln
702 2425 807 2489 insula
839 2431 870 2490 et
902 2424 1032 2489 civitate
1056 2422 1163 2489 Oorffu
1186 2429 1261 2489 suut

108 2529 262 2592 continue
284 2529 326 2592 24
348 2528 478 2608 milites,
502 2530 557 2616 qui
581 2529 692 2595 iuvant
712 2529 904 2594 officialibus
920 2529 1115 2596 Venetorum
1139 2530 1258 2616 guber·

107 2653 182 2697 nare
208 2633 373 2717 populum.
420 2633 462 2700 Et
493 2637 629 2718 possunt
651 2633 785 2700 Oorffini
812 2637 849 2699 15
874 2635 964 2699 milia
986 2635 1161 2719 armigeros
1184 2635 1259 2698 mit·

106 2742 172 2802 tere
208 2739 250 2804 ad
273 2739 428 2806 belluml.
476 2739 516 2803 Er
539 2738 720 2820 dicebatur,
756 2741 841 2824 quod
873 2761 958 2804 anno
981 2740 1053 2820 illo,
1084 2741 1139 2804 scl.
1168 2738 1259 2818 1482,

107 2843 273 2909 misissent
302 2846 336 2909 in
359 2845 552 2910 adiutorium
579 2843 723 2909 Venetiis
756 2851 868 2910 contra
891 2846 1001 2910 ducem
1025 2843 1259 2909 Ferrariensem

106 2948 213 3013 decem
239 2949 337 3014 milia.
384 2950 553 3016 Civitatem
579 2949 687 3015 Corffu
712 2956 857 3016 emerunt
888 2950 966 3016 olim
989 2948 1104 3014 Veneti
1134 2950 1174 3015 eb
1197 2973 1260 3014 una

106 3054 219 3138 regina
244 3053 468 3139 Neapolitana,
491 3060 631 3121 testante
655 3061 791 3140 patrono
816 3055 998 3140 Augustino
1024 3053 1258 3120 Kuntherini⁶.

681 3161 694 3190 1

105 3209 160 3266 den
188 3211 293 3280 tempel
320 3210 368 3266 des
388 3211 519 3282 luppiter
543 3210 662 3268 marius.
717 3214 774 3268 Das
796 3211 933 3268 kirchlein
956 3212 1033 3267 steht
1065 3211 1149 3266 heute
1179 3211 1259 3267 noch.

105 3297 263 3356 (isichii.

180 3389 194 3441 l
214 3385 298 3444 Dieee
317 3387 500 3444 venderbsre
521 3388 614 3458 lempe
634 3387 784 3443 ervthuen
802 3387 865 3442 sehr
883 3387 955 3442 viele
972 3385 1079 3457 pilger,
1098 3403 1151 3440 nur
1170 3387 1260 3457 gehen

105 3477 166 3532 ihre
193 3476 320 3532 berichte
347 3475 483 3540 emeher,
512 3475 565 3530 vvie
595 3475 637 3531 olt
664 3474 711 3530 die
737 3475 832 3544 lampe
856 3473 910 3528 mit
936 3474 963 3528 cl
993 3473 1124 3529 versehen
1149 3473 1259 3530 werden

108 3567 230 3628 mnam,
257 3562 451 3619 euseinander.
497 3562 578 3617 Nech
606 3562 670 3617 dem
690 3565 836 3630 Anonyme
854 3561 977 3634 frangeis
996 3561 1119 3629 (Schefer
1137 3561 1182 3632 44)
1202 3562 1259 3616 und

106 3651 191 3707 liebri
209 3652 258 3718 ΙΙΙ,
279 3653 330 3708 352
349 3657 423 3708 vvtre
447 3666 476 3706 es
504 3667 558 3722 gar
577 3650 671 3718 nicht,
699 3650 771 3705 nach
799 3650 853 3705 den
872 3651 989 3706 meisten
1008 3649 1127 3718 juhrlieh
1146 3648 1259 3714 einmal‚

106 3741 178 3796 nach
198 3739 325 3797 huebner
344 3739 448 3807 (Geish.
471 3739 535 3811 211)
551 3738 676 3809 jchrlich
696 3739 813 3793 vicrmel
833 3737 914 3808 notig
932 3755 1067 3808 genesen.
1144 3740 1160 3790 2
1181 3739 1258 3792 huch

107 3827 181 3884 dicae
199 3845 271 3898 sege
283 3827 433 3883 ervtthnen
453 3827 497 3882 die
510 3827 630 3882 meisten
649 3825 749 3897 pilger,
768 3843 821 3880 nur
834 3825 910 3882 finde
927 3825 972 3881 ich
991 3825 1044 3882 den
1063 3825 1260 3883 vonWalther

107 3921 311 3986 angegebenen
339 3915 432 3985 grund
459 3915 509 3971 der
527 3917 711 3985 verwhstung
738 3917 816 3971 sonet
843 3914 984 3986 nirgentle.
1021 3914 1106 3969 l'abri
1124 3913 1179 3978 ΙΙΙ,
1207 3911 1259 3968 352

107 4007 186 4072 sagr:
207 4005 339 4074 ’propter
351 4003 496 4058 hominum
508 4006 681 4074 peccatum«.
788 4001 963 4068 enutriam,
982 4002 1099 4058 welches
1117 4019 1166 4054 aur
1180 4015 1259 4069 repu-

108 4089 169 4144 blik
181 4090 308 4162 Venedig
327 4091 369 4146 bis
388 4109 422 4145 au
440 4089 524 4146 deren
539 4089 686 4160 anfloeung
704 4090 743 4144 im
753 4091 837 4162 jahre
848 4091 914 4146 1497
934 4090 1059 4161 gehorte.
1129 4089 1147 4142 4
1166 4085 1259 4141 Dieses

108 4177 247 4234 kirchlein
265 4179 339 4236 liade
357 4179 402 4236 ich
420 4181 498 4236 sonet
515 4178 651 4248 uirgends
670 4178 805 4233 ervahnt.
827 4201 830 4208 ·
886 4183 902 4235 5
921 4178 1012 4233 Ghist.
1031 4177 1081 4230 54=
1104 4191 1188 4242 »mag
1205 4174 1258 4229 vvel

108 4263 220 4322 leneren
239 4265 315 4322 XXX
335 4267 421 4337 duyst
439 4285 587 4324 mannent.
659 4269 676 4323 6
694 4267 773 4324 Nach
794 4267 878 4323 l'ebri
890 4269 938 4333 ΙΙΙ,
958 4269 1007 4324 851
1028 4266 1046 4320 l.
1065 4265 1146 4319 hatte
1168 4263 1259 4333 hoger

110 4369 140 4406 v.
157 4355 272 4412 Sicilien
290 4355 336 4412 die
353 4355 425 4412 ineel
445 4357 513 4413 1129
531 4357 586 4412 den
605 4355 740 4412 Grieohen
760 4356 912 4420 entrissen,
938 4353 983 4408 die
1002 4351 1173 4407 Venetianer
1192 4350 1259 4407 aber

112 4439 212 4498 neuen
231 4442 276 4498 die
294 4443 440 4501 Sicilianer
459 4445 561 4500 wieder
580 4443 737 4500 vertriehen
755 4444 813 4500 und
832 4444 877 4500 die
895 4442 966 4497 insel
985 4440 1039 4496 den
1056 4437 1192 4495 Griechen
1211 4457 1258 4494 au-
